3384 5459
457 450 650 519 FLUXUS
668 450 732 517 Ac
749 442 1004 515 REFLUXUS
1027 444 1187 518 MthSt
1378 454 1441 521 27⁷

559 813 733 890 carus
757 812 1037 901 ausurum.
1086 834 1089 841 ’
1215 793 1220 812 ’

240 1048 303 1119 De
317 1050 435 1120 Flam
449 1072 491 1121 cc
505 1050 657 1145 quuca
674 1050 798 1124 Mcm's
811 1052 843 1122 si
858 1072 948 1147 aqua
965 1050 1054 1123 onai
1075 1048 1201 1125 taenia
1215 1062 1359 1124 careret.

158 1298 185 1376 §.
206 1302 259 1359 46.
295 1266 405 1382 Qun
426 1295 460 1357 in
482 1292 593 1377 Capite
613 1291 811 1377 praecedente
830 1304 905 1357 sunt
926 1290 1040 1357 tradita
1061 1292 1231 1377 respiciunt
1252 1292 1439 1379 hypothesin

159 1414 339 1482 assumtam,
355 1402 416 1490 quh
432 1401 540 1467 Solem
553 1422 591 1465 ac
606 1400 731 1465 Lunam
744 1411 888 1485 respectu
904 1398 1015 1463 Terrae
1034 1397 1185 1483 perpetuo
1199 1398 1331 1463 eundem
1347 1401 1439 1465 situm

157 1523 265 1577 tenere
278 1489 455 1598 posuimus;
477 1510 584 1597 ibique
604 1509 762 1597 praecipue
782 1522 897 1575 statum
916 1508 1093 1597 aequilibrii,
1108 1510 1149 1575 ad
1164 1532 1258 1597 quem
1272 1532 1406 1575 oceanus
1420 1534 1440 1575 a

156 1618 276 1682 viribus
291 1618 373 1683 Solis
387 1630 420 1681 at
434 1618 536 1682 Lunae
556 1616 754 1701 perducatur,
777 1616 1059 1683 detenninavimus.
1104 1616 1217 1705 Longe
1232 1618 1321 1682 aliter
1335 1630 1439 1681 autem

157 1749 191 1790 se
206 1749 256 1790 res
270 1726 376 1804 habet,
392 1727 497 1792 sitam
513 1726 605 1791 Luna
619 1736 650 1790 et
667 1727 722 1792 sol
744 1724 836 1812 quim
853 1726 955 1791 Terre
968 1728 1001 1791 in
1015 1740 1135 1793 motum
1150 1726 1352 1805 collocentur,
1375 1750 1440 1813 quo

156 1857 231 1899 casu
245 1835 288 1899 ob
301 1846 484 1921 perpetuam
497 1833 576 1899 sitis
589 1834 709 1899 relativi
721 1835 924 1899 mutationem
938 1856 1098 1921 nunquam
1109 1835 1318 1921 aequilibrium
1329 1834 1438 1899 adesse

155 1944 287 2031 poterit3
309 1941 381 2007 crim
403 1942 485 2006 enim
507 1952 646 2026 ternpore
667 1963 747 2027 opus
767 1942 816 2020 sit,
837 1964 901 2028 quo
915 1941 989 2006 data
1002 1942 1049 2006 vis
1063 1940 1170 2007 datum
1186 1963 1299 2027 corpus
1314 1951 1356 2005 ad
1369 1964 1438 2005 mo-

154 2060 224 2113 tum
244 2050 405 2133 perducat,
426 2048 545 2133 duplrci
565 2048 661 2113 modo
682 2059 780 2113 status
799 2048 907 2113 oceani
928 2049 1101 2136 assignatus
1115 2072 1135 2113 a
1147 2070 1223 2113 vero
1237 2047 1436 2133 discrepabit.

156 2158 302 2244 Namque
314 2156 417 2243 primo
432 2180 513 2244 aqua
527 2157 636 2244 quovis
656 2168 815 2221 momento
829 2158 863 2220 in
878 2178 949 2221 eum
959 2156 1122 2243 aequilrbrii
1139 2157 1241 2234 situm,
1255 2177 1347 2242 quern
1358 2156 1439 2219 vires

156 2266 354 2329 sollicitantes
368 2264 542 2341 intendunt,
558 2265 720 2348 pervenire
734 2284 799 2327 non
818 2264 944 2350 poterit,
968 2264 1023 2329 aed
1045 2275 1165 2329 tantum
1180 2262 1220 2328 ad
1236 2284 1308 2327 eum
1322 2284 1437 2349 apprc-

153 2371 318 2456 pinquabit
338 2366 507 2446 continuo,
530 2368 643 2434 deinde
663 2370 784 2435 etiamsi
803 2371 837 2433 in
858 2371 960 2455 ipsum
974 2369 1139 2457 aequilibrii
1153 2371 1248 2434 sitnm
1267 2369 1438 2455 perveniat,

154 2477 189 2538 in
211 2498 250 2540 eo
270 2489 375 2541 tumen
388 2498 453 2540 non
468 2478 656 2563 acquiescet,
674 2476 729 2540 sed
746 2488 834 2541 motu
851 2478 918 2562 jam
933 2488 1085 2560 concepto
1098 2472 1227 2541 ulterids
1242 2475 1368 2555 feretur,
1392 2474 1438 2540 uti

155 2604 198 2647 ex
218 2581 331 2647 naturd
353 2581 457 2647 motha
480 2575 603 2646 abunde
627 2593 759 2647 constat.
804 2582 912 2667 Hujus
933 2594 1037 2645 autem
1055 2582 1217 2666 utriusque
1235 2580 1439 2645 aberrationis

154 2688 236 2752 ratio
257 2688 291 2751 in
311 2686 422 2752 inertii
443 2708 532 2773 aquae
547 2700 593 2752 eat
606 2689 719 2771 posita,
742 2687 803 2774 qui
818 2688 856 2751 llt
869 2698 904 2751 ut
917 2708 999 2773 aqua
1012 2708 1070 2751 nec
1084 2686 1189 2751 subitb
1212 2686 1245 2750 in
1260 2708 1331 2750 eum
1346 2686 1439 2749 situm

155 2815 189 2858 se
203 2794 351 2872 conferat,
366 2794 400 2858 in
414 2817 478 2880 quo
491 2816 563 2858 cum
577 2794 694 2857 viribus
707 2779 799 2858 delur
814 2794 1031 2880 aequilibrium,
1054 2816 1113 2859 nec
1127 2791 1199 2859 edm
1213 2794 1299 2859 hunc
1313 2794 1434 2879 acquili-

155 2901 216 2966 brii
235 2902 328 2964 situm
342 2901 487 2988 attigerit,
510 2900 554 2963 ibi
575 2893 721 2987 quiescat
766 2900 923 2977 Quocirca
943 2924 983 2965 ne
1005 2902 1219 2967 difficultatum
1234 2901 1435 2966 multitudine

157 3011 337 3087 obruamur,
360 3032 473 3096 aquam
494 3011 580 3074 omui
601 3010 710 3075 inertii
734 3024 889 3077 carentem
911 3036 1113 3092 assumamus,
1134 3013 1196 3079 hoc
1213 3026 1261 3079 est
1281 3012 1370 3077 istius
1390 3012 1438 3076 in·

155 3116 246 3193 dolis,
269 3128 390 3180 utnon
411 3115 512 3180 solum
533 3117 642 3203 quovis
654 3130 812 3182 momento
828 3142 862 3183 se
882 3121 916 3183 in
930 3131 1045 3185 statum
1060 3119 1225 3207 aequilibrii
1239 3118 1341 3185 subitb
1357 3118 1435 3183 reci-

154 3224 231 3308 piat,
254 3223 309 3288 sed
329 3222 373 3287 ibi
395 3223 489 3287 etiam
502 3244 627 3287 omnem
642 3236 762 3288 motum
775 3224 902 3290 insitum
915 3222 1103 3311 deponendo
1116 3238 1306 3312 permaneat,
1329 3248 1438 3312 quam·

155 3334 210 3397 din
224 3334 283 3398 iste
297 3333 372 3399 situs
386 3333 504 3397 viribus
515 3332 750 3399 sollicitantibus
765 3335 938 3400 conveniat.
969 3334 1044 3400 llic
1055 3336 1157 3421 itaque
1167 3334 1247 3399 ueta
1258 3334 1432 3420 hypothesi,

145 3437 354 3523 perspicuum
379 3452 427 3503 eat
447 3460 561 3524 aquam
581 3438 689 3523 quovis
710 3440 859 3523 temporis
881 3453 1040 3504 momento
1060 3441 1093 3502 in
1115 3461 1152 3503 eo
1178 3439 1247 3523 ipsc
1266 3450 1347 3502 statu
1367 3438 1433 3501 fore

156 3545 364 3624 constitutum,
380 3545 434 3632 qui
456 3544 627 3610 secundirm
647 3560 806 3633 praecepta
828 3546 948 3633 Capitis
964 3544 1169 3632 praecedentis
1192 3545 1339 3631 positioni
1363 3542 1433 3609 cium

63 3675 71 3689 ·
157 3654 240 3719 Solis
254 3651 322 3718 tirm
337 3652 439 3718 Lunae
452 3654 649 3738 respondeat.

198 3766 290 3842 W.
312 3743 367 3827 Ut*
382 3760 477 3847 igitur
497 3760 531 3823 in
552 3758 613 3823 haic
634 3760 809 3847 hypothesi,
831 3761 894 3847 quh
916 3783 1002 3826 mare
1016 3762 1062 3827 vis
1083 3764 1204 3827 inertia
1217 3782 1330 3847 expers
1345 3770 1436 3847 ponl·

153 3890 236 3947 mus,
256 3890 316 3953 pro
336 3868 445 3954 quovis
464 3868 535 3933 loco
550 3870 591 3933 ad
605 3870 736 3956 quodvis
750 3883 874 3956 tempus
889 3884 1002 3937 statum
1017 3874 1110 3937 maris
1132 3870 1225 3959 quam
1247 3870 1437 3937 commodis·

154 3977 232 4043 sime
246 3978 440 4056 definiamus,
462 3978 599 4064 primum
613 3980 712 4045 solam
727 3979 852 4047 Lunam
866 3982 1142 4061 considerabimus,
1165 3980 1236 4049 ciam
1254 3982 1290 4044 in
1304 3980 1340 4044 ei
1355 4000 1437 4065 prae·
1564 3988 1568 3995 '

154 4087 249 4172 cipua
271 4087 367 4152 &aab
388 4089 483 4152 maris
507 4110 600 4154 causa
625 4090 829 4171 contineatur,
855 4104 948 4180 atque
973 4106 1037 4157 tam
1057 4093 1161 4157 fluxus
1182 4090 1435 4178 quam·relluxus

153 4193 249 4255 maris
270 4215 292 4256 a
311 4193 442 4257 transstu
464 4191 565 4260 Luna
585 4180 643 4281 per
664 4196 871 4261 meridianum
885 4197 1059 4284 computari
1073 4197 1187 4261 soleat:
1210 4194 1296 4283 qudd
1311 4195 1337 4259 si
1352 4196 1436 4259 euim

154 4300 257 4366 Lunae
272 4302 399 4373 effectus
413 4303 591 4383 innotuerit,
607 4328 672 4368 non
687 4304 788 4371 schim
805 4306 886 4371 Solis
897 4307 1022 4372 effectus
1034 4328 1158 4393 quoque
1172 4305 1297 4369 mutatis
1312 4316 1431 4368 mutan·

146 4408 203 4487 ,dis
227 4408 398 4496 colligetur,
424 4410 481 4475 sed
505 4412 598 4475 etiam
621 4410 757 4491 effectus,
781 4411 836 4499 qui
864 4412 905 4479 ab
933 4412 1083 4478 ambobus
1109 4412 1313 4477 luminaribus
1339 4409 1430 4475 simul

153 4516 318 4603 agentibus
332 4515 547 4600 proficiscitur.
577 4518 760 4603 Propositus
771 4519 868 4606 igitur
878 4520 918 4583 sit
928 4519 1038 4585 Terrae
1052 4518 1137 4583 locus
1148 4519 1334 4605 quicunque,
1348 4516 1434 4599 cujus

151 4623 186 4685 in
201 4621 282 4685 coelo
295 4620 400 4686 zenith
415 4621 454 4685 sit
471 4622 507 4700 Z,
523 4622 653 4687 horizon
666 4624 704 4689 H
714 4624 747 4701 Q
757 4624 790 4689 0
800 4638 832 4689 et
844 4624 876 4689 -Ρ
886 4625 980 4708 polus
994 4624 1136 4703 borealis,
1153 4624 1196 4689 ita
1208 4636 1242 4688 ut
1255 4644 1344 4694 arcus
1361 4621 1388 4684 P
1403 4620 1434 4683 Ο

152 4733 194 4798 sit
208 4731 302 4817 hujus
315 4731 377 4795 loci
392 4731 522 4797 elevatio
534 4734 610 4816 poli,
626 4746 658 4797 et
672 4733 806 4798 circulus
821 4733 885 4797 PZ
897 4734 933 4798 H
946 4732 976 4796 N
990 4734 1022 4799 O
1037 4733 1233 4798 meridianus.
1281 4730 1328 4793 Sit
1341 4727 1436 4812 porris
