3384 5459
188 478 205 489 -
268 462 335 517 aaa
429 424 434 433 ’
522 448 1313 527 1uo01sm1ornrsrca1ucausam

267 624 342 689 verb
358 624 461 711 ipsum
476 622 646 688 discrimen
660 645 733 687 cum
747 620 869 687 tlreoriri
885 622 993 687 exacti
1008 622 1170 698 eonvenit;
1184 620 1216 685 in
1231 621 1374 705 pluribus
1389 620 1473 686 enim
1486 644 1562 707 por-

267 735 362 798 tubus
385 745 480 798 aestus
503 733 659 796 maximos
683 744 715 797 et
737 733 884 796 minimos
910 733 951 797 ad
975 732 1129 796 calculum
1152 734 1375 810 revocavimus,
1400 744 1496 821 atque
1520 756 1561 798 ex

266 841 417 905 relatione
441 862 550 904 eorum
573 838 756 903 relationem
778 838 862 904 inter
885 838 966 904 vires
991 839 1094 904 Lunae
1117 860 1155 904 ac
1181 840 1265 905 Solis·
1288 840 1559 927 investigavimus3

265 946 402 1032 hincque
422 944 576 1030 perpetui)
599 944 731 1008 eandem
745 942 810 1008 sere
825 946 982 1009 rationem
1003 946 1085 1009 iuter
1099 946 1181 1009 vires
1199 947 1280 1011 Solis
1299 968 1335 1010 ac
1351 946 1453 1011 Lunae
1467 948 1560 1012 abso-

265 1056 347 1120 lutas
372 1052 544 1133 elicuimus,
572 1053 837 1139 quemadmodum
862 1054 896 1117 id
921 1054 994 1118 fecit
1020 1052 1193 1117 Newtonus
1218 1076 1260 1118 ex
1288 1055 1559 1120 observationibus

267 1165 408 1232 Bristolii
432 1178 464 1230 et
486 1166 679 1252 Plymouthi,
702 1188 760 1229 nos
777 1164 852 1229 verb
867 1166 901 1228 in
917 1165 1016 1230 Portu
1033 1166 1153 1231 Gratiae
1167 1166 1328 1243 institutis,
1351 1168 1559 1233 conclusioni-

204 1290 215 1315 ·
267 1275 325 1340 bus
344 1272 476 1338 mirifice
497 1273 580 1338 inter
601 1296 635 1339 se
656 1276 919 1361 congruentibus:
943 1274 1044 1362 qualis
1060 1297 1228 1339 consensus
1242 1274 1383 1360 profecti)
1398 1282 1559 1363 expectari

265 1404 331 1445 uon
351 1392 468 1465 posset,
492 1380 518 1444 si
538 1379 662 1445 theoria
676 1382 799 1445 veritati
817 1403 882 1444 non
897 1391 976 1445 esset
991 1394 1208 1447 consentanea.
1253 1381 1366 1469 Neque
1380 1386 1474 1449 etiam
1490 1386 1559 1452 uliae

265 1488 396 1554 tbeoriae
411 1485 515 1552 adhuc
528 1488 703 1572 productae,
719 1488 894 1573 cujusmodi
910 1500 983 1551 sunt
998 1488 1134 1567 Galilaei,
1153 1487 1294 1553 Wallisii
1308 1502 1402 1575 atque
1414 1492 1564 1573 Canarii,

265 1597 318 1683 qui
333 1616 458 1659 causam
474 1596 508 1658 in
522 1594 684 1678 pressione
699 1595 802 1659 Lunae
816 1592 989 1674 collocavit,
1005 1594 1080 1660 huic
1093 1595 1304 1680 phaenomeno
1317 1596 1455 1683 perfecte
1470 1602 1559 1667 satis·

265 1705 393 1782 faciunt,
411 1704 468 1767 sed
482 1700 585 1788 potiris
599 1702 729 1787 prorsuis
744 1714 936 1772 evertuntur.

307 1826 331 1902 t.
350 1829 421 1885 104.
456 1818 612 1894 Quintum
635 1817 866 1901 phaenomenon
891 1818 924 1882 in
949 1816 1010 1880 boc
1033 1799 1191 1895 consistat,
1218 1814 1304 1903 quad
1328 1818 1420 1882 unius
1442 1819 1557 1883 mensis

263 1925 429 1994 intervallo
449 1927 581 1990 maximi
600 1937 693 1989 aestus
708 1946 772 1988 non
788 1926 896 2002 sintii,
921 1925 975 2010 qui
987 1924 1149 1991 novilunia
1164 1946 1200 1989 ac
1222 1924 1395 2010 plenilunio
1412 1926 1557 2011 proximi

268 2039 484 2124 insequuntur,
509 2035 565 2099 sed
587 2046 750 2121 sequentes
764 2034 849 2098 tertii
864 2034 981 2099 scilicet
995 2036 1118 2098 circiter
1132 2034 1183 2099 vel
1204 2036 1317 2121 quarti,
1341 2036 1497 2123 similique
1512 2040 1561 2100 in·

263 2147 394 2213 teruallo
409 2160 503 2211 aestus
519 2147 641 2209 minimi
655 2147 782 2211 demum
796 2158 870 2231 post
881 2140 1086 2231 quadraturis
1098 2146 1294 2232 contingimt.
1333 2146 1442 2231 Hujus
1453 2162 1558 2212 autem

265 2258 470 2345 phaenomeni
484 2258 564 2322 ratio
579 2258 612 2321 in
627 2264 651 2343 t.
667 2265 720 2326 97.
734 2256 833 2322 fusilis
849 2272 896 2323 est
911 2259 1062 2343 exposita,
1079 2257 1134 2323 ubi
1149 2258 1352 2337 ostendimus,
1370 2258 1444 2324 crim
1465 2276 1559 2325 aestus

263 2380 337 2433 ante
359 2369 500 2455 syzygias
523 2368 694 2433 incidentes
716 2380 819 2433 essent
840 2368 987 2445 minores,
1010 2368 1181 2431 maximam
1201 2368 1266 2431 vim
1288 2390 1306 2431 a
1328 2367 1402 2433 Sole
1417 2382 1448 2432 et
1465 2369 1559 2434 Luni

265 2488 366 2540 ortam
388 2498 453 2538 non
476 2472 580 2541 subito
602 2489 714 2539 aestum
736 2476 908 2539 maxirnum
930 2474 1106 2560 producere
1126 2475 1240 2553 valere,
1264 2474 1321 2540 sed
1334 2476 1459 2541 tantirm
1472 2502 1560 2543 mare

264 2586 307 2657 ad
328 2609 400 2651 eum
423 2599 538 2650 statum
558 2584 725 2651 solicitare.
772 2582 855 2649 Crini
875 2584 971 2672 igitur
992 2598 1065 2669 post
1080 2586 1220 2672 syzygias
1235 2585 1282 2648 vis
1296 2596 1409 2650 aestum
1423 2587 1560 2653 efficiens

265 2695 453 2759 sensibiliter
473 2716 539 2759 non
561 2693 731 2770 decrescat,
754 2704 849 2756 aestus
866 2693 1036 2756 etiamnum
1057 2704 1129 2776 post
1143 2691 1206 2755 hoc
1220 2705 1344 2776 tempus
1367 2693 1560 2760 incrementa

267 2803 381 2885 capiet,
397 2813 490 2887 atque
506 2800 577 2864 ideo
592 2800 719 2864 demum
733 2811 806 2884 post
820 2800 962 2887 syzygias
977 2798 1032 2863 fiet
1045 2798 1218 2875 maximus3
1235 2799 1407 2887 similisque
1421 2816 1469 2867 est
1480 2805 1560 2867 ratio

268 2907 484 2971 diminutionis
506 2919 648 2984 aestuum,
673 2928 744 2993 quae
758 2907 929 2971 etiamnum
948 2920 1021 2991 post
1035 2904 1240 2993 quadraturas
1256 2908 1439 2996 contingere
1454 2911 1557 2988 debet,

265 3017 308 3079 ita
322 3030 357 3080 ut
371 3031 465 3081 aestus
479 3016 600 3079 minimi
615 3017 743 3079 demum
756 3027 830 3101 post
840 3014 1047 3102 quadraturas
1058 3014 1209 3078 eveniant.
1249 3014 1444 3101 Hujusmodi
1455 3033 1558 3083 autem

265 3122 491 3186 retardationes
514 3122 681 3185 effectuum
704 3144 723 3185 a
744 3121 862 3185 viribus
884 3121 917 3184 in
938 3118 1057 3183 mundo
1079 3119 1282 3184 existentibus
1306 3123 1557 3207 provenientium
1670 3116 1671 3121 ἵ

264 3232 405 3318 quotidie
428 3230 554 3295 abunde
575 3232 774 3315 experimur:
796 3230 838 3294 ob
861 3230 993 3295 similem
1015 3230 1099 3293 enim
1120 3230 1273 3295 rationem
1295 3232 1425 3318 singulis
1447 3230 1557 3298 diebus

265 3345 437 3409 maxbuum
452 3344 589 3409 calorem
602 3344 715 3409 nonin
730 3342 800 3428 ipso
813 3340 944 3406 meridie
956 3342 1120 3420 sentimus
1136 3340 1256 3405 etiarnsi
1277 3340 1340 3404 boc
1354 3354 1496 3427 ternpore
1511 3346 1557 3408 ris

267 3459 349 3525 Solis
371 3458 554 3523 calefaciens
577 3457 645 3522 sine
666 3454 764 3521 dubio
786 3456 826 3519 sit
845 3442 992 3531 maxbna,
1016 3452 1070 3517 sed
1091 3452 1217 3518 demum
1237 3450 1357 3538 aliquot
1378 3452 1464 3517 horis
1485 3468 1558 3540 post

265 3565 439 3642 meridiem,
463 3578 557 3651 atque
577 3575 708 3649 propter
723 3562 857 3627 eandem
872 3584 997 3625 causam
1012 3582 1116 3646 neque
1132 3559 1254 3624 solstitii
1276 3558 1375 3623 aestivi
1397 3576 1556 3627 momento

264 3677 421 3740 nummus
443 3676 529 3739 calor
551 3696 674 3739 annium
696 3674 837 3752 sentitur,
862 3696 964 3760 neque
989 3686 1130 3757 tempore
1153 3670 1275 3737 solstitii
1298 3671 1435 3757 hyberni
1458 3672 1555 3762 srigus

266 3806 432 3860 summum,
449 3782 506 3847 sed
521 3795 687 3869 utrumque
700 3783 880 3847 notabiliter
894 3781 1022 3848 tardius.

308 3896 333 3973 t.
351 3897 422 3954 105.
447 3890 580 3953 Sextum
592 3890 823 3975 phaenomenon
838 3890 873 3951 in
887 3889 948 3953 hoc
962 3889 1118 3975 ponimus,
1142 3891 1227 3977 qubd
1241 3904 1400 3959 momenta
1414 3894 1556 3959 fluxuum

266 4009 406 4079 tempore
431 3998 627 4084 syzygiamm
650 3998 750 4061 multo
773 3992 909 4061 strictiris
933 3996 1074 4061 ordinem
1097 4012 1203 4063 tenere
1224 4002 1439 4080 observantur,
1464 4002 1558 4087 qutbn

267 4104 350 4167 circa
370 4104 587 4191 quadraturas.
633 4105 701 4169 Hic
723 4104 797 4169 verb
818 4119 892 4170 ante
915 4109 1020 4171 omnia
1042 4108 1352 4175 animadvertendum
1375 4124 1424 4176 est
1446 4113 1558 4197 praeci-

267 4233 364 4295 puam
379 4214 558 4279 sensibilem
571 4214 759 4279 anomaliam
780 4216 814 4277 in
836 4218 1003 4282 momentis
1019 4230 1151 4281 aestuum
1166 4216 1240 4282 inde
1254 4220 1407 4307 originem
1423 4220 1557 4297 trabere,

268 4318 355 4405 qubd
374 4320 444 4387 haeo
464 4336 624 4389 momenta
644 4346 686 4389 ex
706 4337 848 4412 tempore
863 4326 956 4390 solari
978 4338 1070 4413 atquc
1085 4348 1104 4391 a
1119 4349 1193 4392 vero
1211 4330 1341 4395 meridie
1356 4353 1412 4394 seu
1427 4333 1558 4395 transitu

273 4429 355 4494 Solis
370 4451 428 4513 per
442 4431 650 4499 meridianum
665 4434 786 4499 soleant
801 4438 985 4522 computari,
1009 4434 1078 4500 crim
1095 4460 1133 4502 ea
1152 4436 1256 4523 potitis
1272 4439 1438 4503 retransitu
1454 4438 1559 4503 Lunae

267 4560 325 4623 per
345 4536 554 4604 meridianum
575 4541 743 4628 pendeant.
789 4543 889 4621 Qutd
904 4546 930 4609 si
945 4557 1048 4609 autem
1062 4545 1103 4609 ad
1117 4545 1174 4609 bas
1190 4545 1420 4613 observationes
1435 4559 1557 4631 tempus

267 4648 377 4711 lunare
391 4668 410 4709 a
426 4648 559 4712 transitu
582 4650 683 4711 Lunae
705 4673 762 4734 per
781 4650 988 4715 meridianum
1004 4649 1248 4737 computandum
1262 4652 1458 4731 adhibeatur,
1481 4654 1558 4717 irre-

269 4754 450 4843 gularitates
462 4768 647 4843 apparentes
658 4759 827 4822 maximam
840 4772 962 4843 partem
976 4772 1169 4839 evanescent,
1184 4759 1245 4826 boc
1259 4759 1335 4825 verb
1349 4758 1557 4847 multomagis
