3384 5459
429 438 619 507 FLUXUS
642 440 704 506 AC
728 438 981 505 REFLUXUS
1004 428 1162 503 Manlsss
1370 440 1431 502 271

1239 604 1265 668 S

156 618 230 713 liter
244 646 445 731 deprimetur,
468 660 501 711 et
514 646 640 733 quidem
653 670 711 733 per
727 647 924 711 intervallum
939 646 973 712 D
987 646 1009 709 d
1029 670 1062 705 =
1083 644 1112 708 E
1127 664 1145 706 e
1164 666 1196 701 =
1217 692 1286 768 W
1294 665 1304 717 3
1322 664 1363 706 ex
1377 663 1440 733 qno

155 824 218 886 ista
230 821 392 906 depressio
406 820 505 905 duplo
519 821 624 884 minor
636 833 693 899 est,
709 806 952 908 quimelevatio
966 814 1036 906 quae
1050 820 1084 884 in
1099 820 1130 884 A
1144 832 1178 884 et
1192 820 1221 883 B
1237 810 1357 883 accidit.
1401 812 1441 880 In

158 934 284 1019 punctis
298 944 452 1018 preterea
467 933 504 1009 F,
519 934 562 1010 G,
576 932 614 997 H
628 944 664 997 et
674 933 701 1011 1,
718 954 789 1020 quar
803 956 822 997 a
835 932 1045 997 cardinalibus
1061 932 1090 995 A
1108 942 1139 995 et
1153 930 1183 995 B
1197 930 1313 993 distant
1326 925 1442 1014 angulo

159 1039 223 1104 54⁰.
239 1041 292 1103 45¹
306 1039 423 1123 quippe
436 1060 496 1122 pro
510 1060 573 1124 qno
587 1052 635 1103 est
649 1050 702 1104 su
716 1062 738 1103 u
748 1048 818 1103 -1
841 1064 874 1099 =
895 1050 926 1115 ο,
947 1058 1048 1124 neque
1062 1038 1233 1103 elevabitur
1247 1056 1327 1122 aqua
1341 1050 1442 1121 neque

159 1146 362 1229 deprimetur,
386 1144 442 1207 sed
462 1145 635 1209 naturalem
654 1147 774 1210 tenebit
793 1144 998 1210 altitudinem.
1055 1146 1094 1209 In
1114 1146 1185 1209 loco
1206 1154 1310 1209 autem
1332 1143 1443 1207 Terrae

161 1274 359 1339 quocumque
383 1252 422 1317 M
443 1266 646 1339 cognoscetur
666 1271 757 1340 aquoe
780 1254 830 1317 vel
854 1246 984 1343 elevatio
1006 1253 1056 1316 vel
1078 1252 1238 1336 depressio
1263 1272 1303 1315 ex
1328 1250 1444 1337 angulo

160 1361 194 1424 A
207 1360 235 1423 C
250 1358 299 1435 M,
323 1360 410 1443 cujus
432 1359 556 1422 cosinus
577 1382 598 1423 u
619 1372 667 1424 est
688 1360 774 1423 sinus
788 1358 960 1422 altitudinis
975 1358 1033 1421 sub
1048 1357 1109 1443 qui
1131 1358 1186 1421 Sol
1200 1358 1250 1421 vel
1266 1356 1358 1420 Luna
1371 1357 1403 1419 iu
1421 1356 1444 1421 S

161 1467 299 1531 existens
314 1486 409 1549 super
421 1464 585 1531 horizonte
599 1466 790 1549 conspicitur
803 1464 844 1529 ab
858 1465 1056 1529 observatore
1074 1463 1108 1529 in
1123 1463 1163 1527 M
1178 1464 1344 1529 constituto
1352 1487 1361 1539 ;
1382 1462 1445 1526 hoc

161 1574 247 1637 enim
266 1574 300 1635 in
321 1572 391 1636 loco
413 1594 494 1658 aqna
511 1574 629 1637 elevata
643 1574 704 1637 erit
717 1594 812 1658 supra
824 1571 997 1637 naturalem
1011 1570 1205 1635 altitudinem
1226 1568 1388 1634 intervallo
1407 1590 1440 1629 =

163 1678 396 1763 ὅρου-1)
417 1724 450 1791 4
468 1679 733 1764 Su(5un-8)

246 1764 317 1840 2a³
561 1786 582 1843 2
597 1780 640 1845 a⁴

163 1884 397 1977 depressionem
411 1888 538 1953 indicat
582 1888 651 1953 Hic
666 1902 770 1955 autem
784 1902 935 1955 armotare
949 1912 1013 1954 non
1028 1902 1076 1954 est
1089 1899 1179 1974 opus,
1202 1888 1289 1975 qubd
1301 1888 1327 1953 ai
1347 1908 1447 1972 punc·

164 2001 234 2054 tum
251 1993 274 2056 S
288 1994 347 2057 sub
361 1994 524 2059 horizonte
537 1996 643 2074 lateat,
659 2008 727 2061 tum
741 1997 827 2063 sium
842 1992 1050 2081 depressionis
1063 2006 1188 2061 maneat
1200 1992 1326 2079 quidem
1340 2014 1372 2071 u,
1392 1990 1447 2055 sed

163 2097 312 2183 negative
327 2100 427 2184 accipi
441 2100 562 2165 debeat.

208 2210 232 2285 §.
249 2214 300 2269 88.
322 2205 520 2272 Deliniamus
542 2208 638 2295 igitur
658 2210 795 2293 primirm
813 2210 886 2277 crim
906 2212 1108 2277 elevationem
1122 2208 1190 2275 ttim
1204 2208 1446 2292 depressionem,

166 2333 240 2396 quae
261 2334 281 2373 a
303 2311 369 2374 soli
390 2314 423 2375 vi
443 2314 526 2377 Solis
546 2315 663 2400 ubique
678 2315 850 2383 Terrarum
870 2318 1002 2402 produci
1024 2318 1160 2393 deberet,
1184 2316 1210 2377 si
1227 2314 1273 2377 uti
1293 2312 1447 2397 ponimus,

171 2417 278 2482 omnia
298 2418 332 2480 in
354 2431 438 2482 statu
458 2421 623 2505 requihbrii
643 2436 746 2488 essent
767 2418 943 2491 constituta.
988 2424 1147 2501 Quoniam
1167 2423 1271 2507 itaque
1292 2434 1340 2486 est
1362 2422 1386 2485 S
1412 2444 1444 2479 =

165 2532 296 2592 227512
307 2538 429 2612 atquea
442 2552 474 2587 =
484 2536 592 2593 20620
601 2530 843 2596 semi-diameter
853 2532 973 2611 Terrae,
984 2532 1010 2595 si
1018 2554 1081 2595 una
1091 2530 1201 2595 Terrae
1211 2522 1450 2592 semi-diameter

166 2685 344 2759 assumatur
361 2680 530 2742 19695689
545 2678 663 2762 pedum
679 2677 778 2743 Paris.
793 2682 853 2745 erit
861 2644 908 2805 ris-³
930 2706 961 2740 =
982 2688 1100 2759 0,5072
1114 2678 1186 2763 ped.
1204 2699 1259 2743 seu
1277 2662 1449 2763 pauxillum

743 1743 752 1783 ε
786 1740 858 1804 qnae
880 1718 1039 1803 expressio
1064 1718 1091 1781 si
1115 1716 1153 1781 fit
1174 1716 1327 1805 negativa,
1349 1714 1445 1799 maris

790 2856 813 2919 S

515 3009 519 3014 .
778 2940 824 3017 fs*

164 3059 432 3145 imperceptibilis.
482 3062 581 3126 Hauc
600 3062 642 3125 ob
662 3084 731 3126 rem
751 3064 785 3124 in
806 3064 986 3149 regionibus
1005 3064 1063 3128 sub
1087 3065 1161 3129 Sole
1176 3054 1361 3127 verticuliter
1376 3061 1451 3137 sitis,

170 3191 245 3253 qnoe
265 3169 400 3233 habeant
423 3171 528 3235 Solem
542 3172 592 3235 vel
613 3172 646 3235 in
661 3171 764 3235 zenith
778 3171 829 3237 vel
841 3174 943 3251 nadir,
967 3196 1047 3261 aqua
1060 3174 1143 3243 ultra
1157 3172 1350 3238 altitudinem
1364 3184 1453 3236 natu·

168 2890 300 2954 excedet
314 2890 535 2973 semi-pedem:
559 2891 646 2955 valor
660 2902 764 2955 autem
839 2876 967 2956 omnino
981 2894 1041 2957 erit
1050 2893 1205 2979 quantitas
1220 2908 1405 2955 evanescens
1420 2899 1451 2951 et

170 3276 269 3339 ralem
286 3276 432 3341 attoletur
446 3276 487 3341 ad
502 3256 706 3361 semi-pedem
721 3300 792 3341 cum
806 3279 929 3363 pollicis
943 3292 1032 3363 parte
1042 3280 1162 3344 decimi
1175 3280 1296 3343 circiter
1304 3304 1313 3355 ;
1329 3268 1453 3363 depres-
1563 3282 1566 3289 ’

174 3381 223 3443 sio
237 3396 341 3446 autem
358 3384 495 3446 maxima
509 3381 600 3446 cadet
612 3382 645 3445 in
660 3384 738 3460 loca,
754 3404 825 3468 quae
842 3378 947 3449 Solem
961 3386 996 3449 in
1009 3386 1170 3449 horizonte
1184 3386 1383 3469 conspicient,
1401 3382 1453 3445 ubi

167 3510 252 3572 aqua
272 3488 313 3551 ad
335 3490 538 3574 quadrantem
560 3487 793 3573 pedis-tantum
807 3488 1008 3573 deprimetur,
1031 3512 1149 3575 exquo
1163 3501 1262 3553 totum
1277 3489 1452 3565 discrimen,

170 3599 258 3685 quod
282 3623 302 3663 a
329 3600 402 3665 Sole
423 3600 460 3662 in'
476 3578 640 3663 altitudine
661 3596 751 3684 aquae
773 3598 907 3662 naturali
930 3600 1038 3678 oritur,
1065 3600 1106 3663 ad
1131 3612 1194 3663 tres
1217 3610 1342 3686 quartas
1366 3598 1454 3682 pedis

167 3716 275 3789 partes
289 3704 413 3768 circiter
426 3716 589 3790 assurget,
620 3704 684 3767 Iste
701 3705 781 3769 Solis
796 3704 924 3769 effectus
939 3717 1042 3769 autem
1057 3705 1212 3787 distantiae
1222 3715 1342 3768 tanturn
1356 3703 1454 3767 medi-

168 3810 237 3874 ocri
253 3812 334 3875 Solis
356 3834 376 3874 a
399 3811 501 3875 Terris
515 3823 562 3875 est
577 3810 781 3874 tribuendus:
804 3810 890 3896 qubd
905 3812 931 3873 si
946 3812 1031 3874 enim
1048 3811 1103 3876 Sol
1117 3822 1256 3875 versetur
1270 3810 1321 3873 vel
1334 3809 1365 3873 iu
1381 3830 1456 3891 apo-

170 3937 253 4002 gaeo,
269 3916 319 3980 vel
338 3917 487 4003 perigoeo,
512 3918 578 4002 ejus
593 3916 720 3980 effectus
734 3916 784 3979 vel
798 3916 933 3980 diminui
950 3918 998 3981 vel
1018 3918 1126 4005 augeri
1147 3917 1272 3980 debebit
1289 3917 1322 3977 in
1337 3916 1456 3979 ratione

170 4060 332 4143 reciproci
354 4058 507 4144 triplicati
522 4060 738 4125 distantimum
760 4060 841 4125 Solis
857 4086 876 4125 a
891 4060 1002 4140 Terri,
1023 4063 1097 4149 qnia
1117 4024 1265 4147 pendete
1278 4060 1383 4125 valore
1403 4023 1455 4163 ΞΒ.

1400 4148 1420 4189 a

171 4228 258 4295 (him
271 4231 367 4317 igitur
381 4231 493 4296 orbitae
508 4232 619 4296 Terrae
633 4224 849 4295 excentricitas
864 4233 904 4295 sit
924 4256 956 4291 =
976 4230 1085 4317 ffl„
1110 4232 1169 4297 erit
1183 4230 1378 4295 intervallum
1395 4232 1457 4295 Aa

170 4338 223 4402 vel
246 4339 320 4416 Bb,
343 4339 421 4403 dum
437 4340 493 4403 Sol
514 4340 546 4401 in
561 4340 699 4427 perigaeo
713 4352 864 4416 versatur,
886 4364 917 4398 =
939 4340 1143 4424 corrupted.
1160 4339 1325 4403 sinautem
1349 4338 1405 4401 Sol
1423 4338 1457 4399 in

168 4468 304 4532 apogaeo
315 4448 355 4511 sit
363 4448 557 4525 constitutus,
567 4474 602 4500 =
615 4456 732 4525 0,4825
747 4448 885 4533 pedum;
902 4470 1035 4534 quorum
1046 4449 1220 4514 differentia
1229 4449 1270 4513 ad
1280 4448 1456 4513 vicesimam

169 4552 263 4638 pedis
284 4566 407 4638 partem
432 4556 588 4620 ascendit:
617 4557 706 4620 valor
730 4569 836 4621 autem
857 4557 979 4621 medius
1002 4569 1050 4623 est
1075 4584 1108 4619 =
1135 4565 1262 4639 0,5072,
1286 4577 1377 4643 quem
1397 4574 1457 4637 pro

168 4661 320 4725 mediocri
333 4662 477 4727 distantiat
495 4664 575 4728 Solis
589 4687 608 4727 a
622 4663 723 4729 Terrai
737 4666 920 4730 invenimus.

794 4773 819 4821 U
829 4778 846 4820 2
