<?xml version="1.0" encoding="UTF-8"?>
<!DOCTYPE html PUBLIC "-//W3C//DTD XHTML 1.0 Transitional//EN"
    "http://www.w3.org/TR/xhtml1/DTD/xhtml1-transitional.dtd">
<html xmlns="http://www.w3.org/1999/xhtml" xml:lang="en" lang="en">
 <head>
  <title>
</title>
<meta http-equiv="Content-Type" content="text/html;charset=utf-8" />
  <meta name='ocr-system' content='tesseract 3.04.00' />
  <meta name='ocr-capabilities' content='ocr_page ocr_carea ocr_par ocr_line ocrx_word'/>
</head>
<body>
  <div class='ocr_page' id='page_1' title='image "./philosophinatur05wriggoog_0256.png"; bbox 0 0 3384 5459; ppageno 0'>
   <div class='ocr_carea' id='block_1_1' title="bbox 267 409 1249 518">
    <p class='ocr_par' dir='ltr' id='par_1_1' title="bbox 267 409 1249 518">
     <span class='ocr_line' id='line_1_1' title="bbox 267 409 1249 518; baseline 0.009 -47"><span class='ocrx_word' id='word_1_1' title='bbox 267 417 329 472; x_wconf 91' lang='grc'><strong>210</strong></span> <span class='ocrx_word' id='word_1_2' title='bbox 390 513 394 518; x_wconf 16' lang='grc' dir='ltr'><em>Ι</em></span> <span class='ocrx_word' id='word_1_3' title='bbox 565 411 631 475; x_wconf 82' lang='lat' dir='ltr'><strong>DE</strong></span> <span class='ocrx_word' id='word_1_4' title='bbox 653 411 806 478; x_wconf 82' lang='lat' dir='ltr'>CAUSA</span> <span class='ocrx_word' id='word_1_5' title='bbox 831 409 1036 480; x_wconf 85' lang='lat' dir='ltr'>PHYSICA</span> <span class='ocrx_word' id='word_1_6' title='bbox 1059 413 1249 481; x_wconf 88' lang='lat' dir='ltr'><strong>FLUXUS</strong></span> 
     </span>
    </p>
   </div>
   <div class='ocr_carea' id='block_1_2' title="bbox 184 577 1549 2504">
    <p class='ocr_par' dir='ltr' id='par_1_2' title="bbox 184 577 1549 1210">
     <span class='ocr_line' id='line_1_2' title="bbox 262 577 1548 669; baseline 0.001 -29"><span class='ocrx_word' id='word_1_7' title='bbox 262 588 352 640; x_wconf 91' lang='lat' dir='ltr'><strong>motu</strong></span> <span class='ocrx_word' id='word_1_8' title='bbox 373 577 474 642; x_wconf 85' lang='lat' dir='ltr'><strong>Luuae</strong></span> <span class='ocrx_word' id='word_1_9' title='bbox 495 577 661 664; x_wconf 85' lang='lat' dir='ltr'><strong>desumpta</strong></span> <span class='ocrx_word' id='word_1_10' title='bbox 682 580 869 659; x_wconf 87' lang='lat' dir='ltr'><strong>adhibenda,</strong></span> <span class='ocrx_word' id='word_1_11' title='bbox 895 595 930 646; x_wconf 91' lang='lat' dir='ltr'><strong>ut</strong></span> <span class='ocrx_word' id='word_1_12' title='bbox 944 593 1066 668; x_wconf 89' lang='lat' dir='ltr'><strong>tempus</strong></span> <span class='ocrx_word' id='word_1_13' title='bbox 1081 605 1145 669; x_wconf 92' lang='lat' dir='ltr'><strong>quo</strong></span> <span class='ocrx_word' id='word_1_14' title='bbox 1158 604 1244 646; x_wconf 87' lang='lat' dir='ltr'><strong>mare</strong></span> <span class='ocrx_word' id='word_1_15' title='bbox 1259 580 1300 644; x_wconf 86' lang='lat' dir='ltr'><strong>ad</strong></span> <span class='ocrx_word' id='word_1_16' title='bbox 1314 579 1483 642; x_wconf 84' lang='lat' dir='ltr'><strong>maximam</strong></span> <span class='ocrx_word' id='word_1_17' title='bbox 1497 599 1548 641; x_wconf 84' lang='lat' dir='ltr'><strong>as-</strong></span> 
     </span>
     <span class='ocr_line' id='line_1_3' title="bbox 184 687 1548 776; baseline 0.003 -28"><span class='ocrx_word' id='word_1_18' title='bbox 184 707 198 732; x_wconf 86' lang='lat'><strong>·</strong></span> <span class='ocrx_word' id='word_1_19' title='bbox 262 698 370 773; x_wconf 84' lang='lat' dir='ltr'>surget</span> <span class='ocrx_word' id='word_1_20' title='bbox 388 687 584 750; x_wconf 80' lang='lat' dir='ltr'>altitudinem</span> <span class='ocrx_word' id='word_1_21' title='bbox 604 687 656 752; x_wconf 89' lang='lat' dir='ltr'><strong>die</strong></span> <span class='ocrx_word' id='word_1_22' title='bbox 677 690 829 753; x_wconf 84' lang='lat' dir='ltr'><strong>novilunii</strong></span> <span class='ocrx_word' id='word_1_23' title='bbox 850 691 899 755; x_wconf 86' lang='lat' dir='ltr'><strong>vel</strong></span> <span class='ocrx_word' id='word_1_24' title='bbox 920 691 1082 776; x_wconf 86' lang='lat' dir='ltr'><strong>plenilunii</strong></span> <span class='ocrx_word' id='word_1_25' title='bbox 1096 690 1268 755; x_wconf 78' lang='lat' dir='ltr'><strong>accuratius</strong></span> <span class='ocrx_word' id='word_1_26' title='bbox 1283 689 1460 754; x_wconf 84' lang='lat' dir='ltr'><strong>definiatur.</strong></span> <span class='ocrx_word' id='word_1_27' title='bbox 1505 689 1548 752; x_wconf 87' lang='lat' dir='ltr'><strong>In</strong></span> 
     </span>
     <span class='ocr_line' id='line_1_4' title="bbox 261 794 1547 883; baseline 0.002 -27"><span class='ocrx_word' id='word_1_28' title='bbox 261 794 413 857; x_wconf 82' lang='lat' dir='ltr'><strong>aestuariis</strong></span> <span class='ocrx_word' id='word_1_29' title='bbox 428 805 532 858; x_wconf 86' lang='lat' dir='ltr'><strong>autem</strong></span> <span class='ocrx_word' id='word_1_30' title='bbox 546 794 661 859; x_wconf 84' lang='lat' dir='ltr'><strong>diversi</strong></span> <span class='ocrx_word' id='word_1_31' title='bbox 675 795 813 870; x_wconf 83' lang='lat' dir='ltr'><strong>existunt</strong></span> <span class='ocrx_word' id='word_1_32' title='bbox 827 809 921 874; x_wconf 85' lang='lat' dir='ltr'><strong>oestus</strong></span> <span class='ocrx_word' id='word_1_33' title='bbox 935 810 1085 882; x_wconf 79' lang='lat' dir='ltr'><strong>tempore,</strong></span> <span class='ocrx_word' id='word_1_34' title='bbox 1109 810 1145 861; x_wconf 92' lang='lat' dir='ltr'><strong>ut</strong></span> <span class='ocrx_word' id='word_1_35' title='bbox 1154 798 1303 883; x_wconf 70' lang='lat' dir='ltr'><strong>loquitur</strong></span> <span class='ocrx_word' id='word_1_36' title='bbox 1325 795 1457 873; x_wconf 81' lang='lat' dir='ltr'><strong>Plinius,</strong></span> <span class='ocrx_word' id='word_1_37' title='bbox 1480 817 1547 858; x_wconf 92' lang='lat' dir='ltr'><strong>non</strong></span> 
     </span>
     <span class='ocr_line' id='line_1_5' title="bbox 260 905 1549 1002; baseline 0 -34"><span class='ocrx_word' id='word_1_38' title='bbox 260 907 381 969; x_wconf 86' lang='lat' dir='ltr'><strong>ratione</strong></span> <span class='ocrx_word' id='word_1_39' title='bbox 395 905 563 970; x_wconf 83' lang='lat' dir='ltr'><strong>discordes.</strong></span> <span class='ocrx_word' id='word_1_40' title='bbox 607 907 685 1002; x_wconf 82' lang='lat' dir='ltr'><strong>Duo</strong></span> <span class='ocrx_word' id='word_1_41' title='bbox 699 920 794 972; x_wconf 82' lang='lat' dir='ltr'><strong>aestus</strong></span> <span class='ocrx_word' id='word_1_42' title='bbox 808 908 863 994; x_wconf 92' lang='lat' dir='ltr'><strong>qui</strong></span> <span class='ocrx_word' id='word_1_43' title='bbox 878 908 1008 996; x_wconf 91' lang='lat' dir='ltr'><strong>singulis</strong></span> <span class='ocrx_word' id='word_1_44' title='bbox 1023 909 1132 972; x_wconf 83' lang='lat' dir='ltr'><strong>diebus</strong></span> <span class='ocrx_word' id='word_1_45' title='bbox 1146 906 1375 992; x_wconf 88' lang='lat' dir='ltr'><strong>producuntur,</strong></span> <span class='ocrx_word' id='word_1_46' title='bbox 1391 929 1457 972; x_wconf 91' lang='lat' dir='ltr'><strong>non</strong></span> <span class='ocrx_word' id='word_1_47' title='bbox 1473 921 1549 970; x_wconf 90' lang='lat' dir='ltr'><strong>sunt</strong></span> 
     </span>
     <span class='ocr_line' id='line_1_6' title="bbox 260 1013 1547 1103; baseline 0.002 -26"><span class='ocrx_word' id='word_1_48' title='bbox 260 1035 384 1098; x_wconf 79' lang='lat' dir='ltr'><strong>semper</strong></span> <span class='ocrx_word' id='word_1_49' title='bbox 397 1013 552 1099; x_wconf 82' lang='lat' dir='ltr'><strong>oequales3</strong></span> <span class='ocrx_word' id='word_1_50' title='bbox 574 1015 719 1078; x_wconf 89' lang='lat' dir='ltr'><strong>matutini</strong></span> <span class='ocrx_word' id='word_1_51' title='bbox 732 1017 817 1080; x_wconf 87' lang='lat' dir='ltr'><strong>enirn</strong></span> <span class='ocrx_word' id='word_1_52' title='bbox 831 1019 965 1102; x_wconf 86' lang='lat' dir='ltr'><strong>majores</strong></span> <span class='ocrx_word' id='word_1_53' title='bbox 981 1029 1053 1082; x_wconf 90' lang='lat' dir='ltr'><strong>sunt</strong></span> <span class='ocrx_word' id='word_1_54' title='bbox 1066 1018 1249 1102; x_wconf 87' lang='lat' dir='ltr'><strong>vespertinis</strong></span> <span class='ocrx_word' id='word_1_55' title='bbox 1268 1029 1409 1103; x_wconf 84' lang='lat' dir='ltr'><strong>tempore</strong></span> <span class='ocrx_word' id='word_1_56' title='bbox 1430 1017 1547 1102; x_wconf 86' lang='lat' dir='ltr'><strong>hyber-</strong></span> 
     </span>
     <span class='ocr_line' id='line_1_7' title="bbox 259 1119 1417 1210; baseline 0.005 -28"><span class='ocrx_word' id='word_1_57' title='bbox 259 1141 312 1196; x_wconf 87' lang='lat' dir='ltr'><strong>no,</strong></span> <span class='ocrx_word' id='word_1_58' title='bbox 328 1119 464 1182; x_wconf 84' lang='lat' dir='ltr'><strong>minores</strong></span> <span class='ocrx_word' id='word_1_59' title='bbox 479 1134 620 1204; x_wconf 78' lang='lat' dir='ltr'><strong>tempore</strong></span> <span class='ocrx_word' id='word_1_60' title='bbox 634 1122 753 1198; x_wconf 84' lang='lat' dir='ltr'><strong>oestivo,</strong></span> <span class='ocrx_word' id='word_1_61' title='bbox 768 1122 943 1207; x_wconf 83' lang='lat' dir='ltr'><strong>praesertim</strong></span> <span class='ocrx_word' id='word_1_62' title='bbox 957 1124 990 1196; x_wconf 84' lang='lat' dir='ltr'><strong>in</strong></span> <span class='ocrx_word' id='word_1_63' title='bbox 1005 1122 1137 1210; x_wconf 78' lang='lat' dir='ltr'><strong>syzygiis</strong></span> <span class='ocrx_word' id='word_1_64' title='bbox 1151 1123 1360 1188; x_wconf 83' lang='lat' dir='ltr'><strong>luminarium.</strong></span> <span class='ocrx_word' id='word_1_65' title='bbox 1377 1124 1417 1208; x_wconf 85' lang='lat'><strong>(⁸)</strong></span> 
     </span>
    </p>

    <p class='ocr_par' dir='ltr' id='par_1_3' title="bbox 254 1224 1549 2504">
     <span class='ocr_line' id='line_1_8' title="bbox 302 1224 1546 1312; baseline 0.003 -24"><span class='ocrx_word' id='word_1_66' title='bbox 302 1225 347 1288; x_wconf 95' lang='lat' dir='ltr'><strong>II.</strong></span> <span class='ocrx_word' id='word_1_67' title='bbox 370 1224 424 1289; x_wconf 92' lang='lat' dir='ltr'><strong>De</strong></span> <span class='ocrx_word' id='word_1_68' title='bbox 438 1238 525 1288; x_wconf 91' lang='lat' dir='ltr'><strong>motu</strong></span> <span class='ocrx_word' id='word_1_69' title='bbox 539 1225 634 1288; x_wconf 88' lang='lat' dir='ltr'><strong>maris</strong></span> <span class='ocrx_word' id='word_1_70' title='bbox 648 1239 807 1290; x_wconf 88' lang='lat' dir='ltr'><strong>menstruo</strong></span> <span class='ocrx_word' id='word_1_71' title='bbox 821 1228 881 1292; x_wconf 83' lang='lat' dir='ltr'><strong>tria</strong></span> <span class='ocrx_word' id='word_1_72' title='bbox 894 1227 1052 1312; x_wconf 74' lang='lat' dir='ltr'><strong>praecipud</strong></span> <span class='ocrx_word' id='word_1_73' title='bbox 1067 1240 1140 1292; x_wconf 89' lang='lat' dir='ltr'><strong>sunt</strong></span> <span class='ocrx_word' id='word_1_74' title='bbox 1150 1228 1352 1292; x_wconf 83' lang='lat' dir='ltr'><strong>observanda.</strong></span> <span class='ocrx_word' id='word_1_75' title='bbox 1391 1235 1420 1292; x_wconf 92' lang='lat' dir='ltr'><strong>l.</strong></span> <span class='ocrx_word' id='word_1_76' title='bbox 1433 1227 1546 1292; x_wconf 84' lang='lat' dir='ltr'><strong>AEstus</strong></span> 
     </span>
     <span class='ocr_line' id='line_1_9' title="bbox 258 1331 1546 1422; baseline 0.001 -27"><span class='ocrx_word' id='word_1_77' title='bbox 258 1331 340 1396; x_wconf 87' lang='lat' dir='ltr'><strong>fiunt</strong></span> <span class='ocrx_word' id='word_1_78' title='bbox 353 1331 483 1394; x_wconf 84' lang='lat' dir='ltr'><strong>maximi</strong></span> <span class='ocrx_word' id='word_1_79' title='bbox 497 1331 626 1418; x_wconf 88' lang='lat' dir='ltr'><strong>singulis</strong></span> <span class='ocrx_word' id='word_1_80' title='bbox 640 1333 800 1397; x_wconf 85' lang='lat' dir='ltr'><strong>mensibus</strong></span> <span class='ocrx_word' id='word_1_81' title='bbox 813 1333 908 1418; x_wconf 77' lang='lat' dir='ltr'><strong>pauli)</strong></span> <span class='ocrx_word' id='word_1_82' title='bbox 922 1347 995 1419; x_wconf 92' lang='lat' dir='ltr'><strong>post</strong></span> <span class='ocrx_word' id='word_1_83' title='bbox 1008 1335 1148 1422; x_wconf 77' lang='lat' dir='ltr'><strong>syzygias</strong></span> <span class='ocrx_word' id='word_1_84' title='bbox 1162 1335 1242 1400; x_wconf 87' lang='lat' dir='ltr'><strong>Solis</strong></span> <span class='ocrx_word' id='word_1_85' title='bbox 1253 1347 1285 1398; x_wconf 85' lang='lat' dir='ltr'><strong>et</strong></span> <span class='ocrx_word' id='word_1_86' title='bbox 1296 1335 1409 1412; x_wconf 82' lang='lat' dir='ltr'><strong>Lunae,</strong></span> <span class='ocrx_word' id='word_1_87' title='bbox 1420 1333 1546 1398; x_wconf 88' lang='lat' dir='ltr'><strong>decres-</strong></span> 
     </span>
     <span class='ocr_line' id='line_1_10' title="bbox 258 1439 1539 1530; baseline -0.002 -24"><span class='ocrx_word' id='word_1_88' title='bbox 258 1452 335 1506; x_wconf 88' lang='lat' dir='ltr'><strong>cunt</strong></span> <span class='ocrx_word' id='word_1_89' title='bbox 347 1439 645 1529; x_wconf 34' lang='lat' dir='ltr'><strong>in&#39;trausituLuuae</strong></span> <span class='ocrx_word' id='word_1_90' title='bbox 659 1441 701 1505; x_wconf 87' lang='lat' dir='ltr'><strong>ad</strong></span> <span class='ocrx_word' id='word_1_91' title='bbox 714 1442 929 1530; x_wconf 77' lang='lat' dir='ltr'><strong>quadraturas,</strong></span> <span class='ocrx_word' id='word_1_92' title='bbox 952 1457 984 1509; x_wconf 90' lang='lat' dir='ltr'><strong>et</strong></span> <span class='ocrx_word' id='word_1_93' title='bbox 1004 1457 1076 1508; x_wconf 88' lang='lat' dir='ltr'><strong>sunt</strong></span> <span class='ocrx_word' id='word_1_94' title='bbox 1095 1443 1278 1529; x_wconf 77' lang='lat' dir='ltr'><strong>paulopost</strong></span> <span class='ocrx_word' id='word_1_95' title='bbox 1292 1444 1421 1507; x_wconf 85' lang='lat' dir='ltr'><strong>minimi.</strong></span> <span class='ocrx_word' id='word_1_96' title='bbox 1465 1441 1539 1506; x_wconf 86' lang='lat' dir='ltr'><strong>Dif-</strong></span> 
     </span>
     <span class='ocr_line' id='line_1_11' title="bbox 256 1538 1542 1640; baseline 0.002 -28"><span class='ocrx_word' id='word_1_97' title='bbox 256 1549 387 1613; x_wconf 80' lang='lat' dir='ltr'><strong>ferentia</strong></span> <span class='ocrx_word' id='word_1_98' title='bbox 400 1560 487 1612; x_wconf 79' lang='lat' dir='ltr'><strong>tanta</strong></span> <span class='ocrx_word' id='word_1_99' title='bbox 500 1561 558 1628; x_wconf 79' lang='lat' dir='ltr'><strong>ast,</strong></span> <span class='ocrx_word' id='word_1_100' title='bbox 573 1562 610 1613; x_wconf 94' lang='lat' dir='ltr'><strong>ut</strong></span> <span class='ocrx_word' id='word_1_101' title='bbox 622 1571 768 1615; x_wconf 81' lang='lat' dir='ltr'><strong>ascensus</strong></span> <span class='ocrx_word' id='word_1_102' title='bbox 788 1553 883 1616; x_wconf 87' lang='lat' dir='ltr'><strong>totius</strong></span> <span class='ocrx_word' id='word_1_103' title='bbox 897 1575 987 1640; x_wconf 84' lang='lat' dir='ltr'><strong>aquae</strong></span> <span class='ocrx_word' id='word_1_104' title='bbox 1001 1555 1154 1618; x_wconf 81' lang='lat' dir='ltr'><strong>maximus</strong></span> <span class='ocrx_word' id='word_1_105' title='bbox 1170 1555 1210 1618; x_wconf 89' lang='lat' dir='ltr'><strong>sit</strong></span> <span class='ocrx_word' id='word_1_106' title='bbox 1224 1554 1265 1618; x_wconf 88' lang='lat' dir='ltr'><strong>ad</strong></span> <span class='ocrx_word' id='word_1_107' title='bbox 1279 1538 1443 1617; x_wconf 89' lang='lat' dir='ltr'><strong>minimum</strong></span> <span class='ocrx_word' id='word_1_108' title='bbox 1459 1554 1542 1636; x_wconf 84' lang='lat' dir='ltr'><strong>ajus-</strong></span> 
     </span>
     <span class='ocr_line' id='line_1_12' title="bbox 257 1659 1543 1748; baseline -0.002 -23"><span class='ocrx_word' id='word_1_109' title='bbox 257 1661 330 1725; x_wconf 84' lang='lat' dir='ltr'><strong>dam</strong></span> <span class='ocrx_word' id='word_1_110' title='bbox 343 1661 468 1738; x_wconf 87' lang='lat' dir='ltr'><strong>mensis,</strong></span> <span class='ocrx_word' id='word_1_111' title='bbox 485 1659 658 1725; x_wconf 74' lang='lat' dir='ltr'><strong>secundum</strong></span> <span class='ocrx_word' id='word_1_112' title='bbox 672 1662 825 1748; x_wconf 73' lang='lat' dir='ltr'><strong>quosdam</strong></span> <span class='ocrx_word' id='word_1_113' title='bbox 838 1663 1080 1742; x_wconf 54' lang='lat' dir='ltr'><strong>observationes</strong></span> <span class='ocrx_word' id='word_1_114' title='bbox 1099 1676 1135 1728; x_wconf 92' lang='lat' dir='ltr'><strong>ut</strong></span> <span class='ocrx_word' id='word_1_115' title='bbox 1149 1675 1169 1730; x_wconf 88' lang='grc'>9</span> <span class='ocrx_word' id='word_1_116' title='bbox 1185 1664 1225 1730; x_wconf 82' lang='lat' dir='ltr'><strong>ud</strong></span> <span class='ocrx_word' id='word_1_117' title='bbox 1240 1673 1270 1741; x_wconf 83' lang='lat'><strong>5,</strong></span> <span class='ocrx_word' id='word_1_118' title='bbox 1287 1678 1318 1728; x_wconf 88' lang='lat' dir='ltr'><strong>et</strong></span> <span class='ocrx_word' id='word_1_119' title='bbox 1333 1665 1366 1726; x_wconf 88' lang='lat' dir='ltr'><strong>in</strong></span> <span class='ocrx_word' id='word_1_120' title='bbox 1381 1662 1543 1726; x_wconf 89' lang='lat' dir='ltr'><strong>nonnullis</strong></span> 
     </span>
     <span class='ocr_line' id='line_1_13' title="bbox 256 1766 1541 1855; baseline -0.002 -23"><span class='ocrx_word' id='word_1_121' title='bbox 256 1767 380 1832; x_wconf 89' lang='lat' dir='ltr'><strong>casibus</strong></span> <span class='ocrx_word' id='word_1_122' title='bbox 402 1766 578 1832; x_wconf 84' lang='lat' dir='ltr'><strong>differentia</strong></span> <span class='ocrx_word' id='word_1_123' title='bbox 603 1767 788 1834; x_wconf 84' lang='lat' dir='ltr'><strong>observatur</strong></span> <span class='ocrx_word' id='word_1_124' title='bbox 812 1770 917 1836; x_wconf 89' lang='lat' dir='ltr'><strong>adhuc</strong></span> <span class='ocrx_word' id='word_1_125' title='bbox 941 1774 1050 1855; x_wconf 87' lang='lat' dir='ltr'><strong>major.</strong></span> <span class='ocrx_word' id='word_1_126' title='bbox 1106 1779 1137 1835; x_wconf 89' lang='grc'><strong>2.</strong></span> <span class='ocrx_word' id='word_1_127' title='bbox 1164 1771 1274 1835; x_wconf 87' lang='lat' dir='ltr'><strong>AEstus</strong></span> <span class='ocrx_word' id='word_1_128' title='bbox 1300 1783 1372 1834; x_wconf 91' lang='lat' dir='ltr'><strong>sunt</strong></span> <span class='ocrx_word' id='word_1_129' title='bbox 1396 1770 1541 1853; x_wconf 85' lang='lat' dir='ltr'><strong>majores,</strong></span> 
     </span>
     <span class='ocr_line' id='line_1_14' title="bbox 255 1875 1542 1964; baseline -0.002 -23"><span class='ocrx_word' id='word_1_130' title='bbox 255 1877 376 1941; x_wconf 84' lang='lat' dir='ltr'><strong>caeteris</strong></span> <span class='ocrx_word' id='word_1_131' title='bbox 397 1878 537 1961; x_wconf 85' lang='lat' dir='ltr'><strong>paribus,</strong></span> <span class='ocrx_word' id='word_1_132' title='bbox 560 1877 624 1964; x_wconf 81' lang='lat' dir='ltr'><strong>qud</strong></span> <span class='ocrx_word' id='word_1_133' title='bbox 643 1878 748 1944; x_wconf 86' lang='lat' dir='ltr'><strong>minor</strong></span> <span class='ocrx_word' id='word_1_134' title='bbox 768 1892 817 1944; x_wconf 82' lang='lat' dir='ltr'><strong>ast</strong></span> <span class='ocrx_word' id='word_1_135' title='bbox 836 1879 983 1944; x_wconf 80' lang='lat' dir='ltr'><strong>distantia</strong></span> <span class='ocrx_word' id='word_1_136' title='bbox 997 1879 1098 1944; x_wconf 85' lang='lat' dir='ltr'><strong>Lunae</strong></span> <span class='ocrx_word' id='word_1_137' title='bbox 1113 1903 1132 1944; x_wconf 89' lang='lat' dir='ltr'><strong>a</strong></span> <span class='ocrx_word' id='word_1_138' title='bbox 1147 1879 1258 1955; x_wconf 84' lang='lat' dir='ltr'><strong>Terra,</strong></span> <span class='ocrx_word' id='word_1_139' title='bbox 1273 1878 1367 1963; x_wconf 86' lang='lat' dir='ltr'><strong>idque</strong></span> <span class='ocrx_word' id='word_1_140' title='bbox 1382 1878 1414 1940; x_wconf 91' lang='lat' dir='ltr'><strong>in</strong></span> <span class='ocrx_word' id='word_1_141' title='bbox 1430 1875 1542 1960; x_wconf 87' lang='lat' dir='ltr'><strong>majori</strong></span> 
     </span>
     <span class='ocr_line' id='line_1_15' title="bbox 257 1985 1540 2072; baseline 0 -24"><span class='ocrx_word' id='word_1_142' title='bbox 257 1988 378 2050; x_wconf 87' lang='lat' dir='ltr'><strong>ratione</strong></span> <span class='ocrx_word' id='word_1_143' title='bbox 392 1985 487 2072; x_wconf 76' lang='lat' dir='ltr'><strong>quim</strong></span> <span class='ocrx_word' id='word_1_144' title='bbox 500 1988 623 2051; x_wconf 87' lang='lat' dir='ltr'><strong>inversa</strong></span> <span class='ocrx_word' id='word_1_145' title='bbox 636 1987 794 2072; x_wconf 87' lang='lat' dir='ltr'><strong>duplicata</strong></span> <span class='ocrx_word' id='word_1_146' title='bbox 806 1988 1032 2066; x_wconf 72' lang='lat' dir='ltr'><strong>distantiarum,</strong></span> <span class='ocrx_word' id='word_1_147' title='bbox 1055 2001 1092 2052; x_wconf 88' lang='lat' dir='ltr'><strong>ut</strong></span> <span class='ocrx_word' id='word_1_148' title='bbox 1110 2010 1150 2052; x_wconf 88' lang='lat' dir='ltr'><strong>ex</strong></span> <span class='ocrx_word' id='word_1_149' title='bbox 1164 1987 1256 2051; x_wconf 85' lang='lat' dir='ltr'><strong>variis</strong></span> <span class='ocrx_word' id='word_1_150' title='bbox 1271 1985 1540 2050; x_wconf 85' lang='lat' dir='ltr'><strong>observationibus</strong></span> 
     </span>
     <span class='ocr_line' id='line_1_16' title="bbox 255 2080 1545 2183; baseline -0.001 -26"><span class='ocrx_word' id='word_1_151' title='bbox 255 2093 425 2180; x_wconf 82' lang='lat' dir='ltr'><strong>colligitur.</strong></span> <span class='ocrx_word' id='word_1_152' title='bbox 456 2094 518 2159; x_wconf 80' lang='lat' dir='ltr'><strong>Ex.</strong></span> <span class='ocrx_word' id='word_1_153' title='bbox 529 2117 578 2182; x_wconf 92' lang='lat' dir='ltr'><strong>gr.</strong></span> <span class='ocrx_word' id='word_1_154' title='bbox 589 2117 674 2158; x_wconf 84' lang='lat' dir='ltr'><strong>anuo</strong></span> <span class='ocrx_word' id='word_1_155' title='bbox 685 2102 778 2165; x_wconf 87' lang='grc'><strong>1718.</strong></span> <span class='ocrx_word' id='word_1_156' title='bbox 792 2119 939 2162; x_wconf 70' lang='lat' dir='ltr'><strong>moensus</strong></span> <span class='ocrx_word' id='word_1_157' title='bbox 950 2080 1039 2183; x_wconf 83' lang='lat' dir='ltr'><strong>aquae</strong></span> <span class='ocrx_word' id='word_1_158' title='bbox 1053 2096 1086 2160; x_wconf 90' lang='lat' dir='ltr'><strong>in</strong></span> <span class='ocrx_word' id='word_1_159' title='bbox 1098 2097 1196 2162; x_wconf 90' lang='lat' dir='ltr'><strong>Portu</strong></span> <span class='ocrx_word' id='word_1_160' title='bbox 1213 2095 1399 2171; x_wconf 90' lang='lat' dir='ltr'><strong>Bristonico,</strong></span> <span class='ocrx_word' id='word_1_161' title='bbox 1413 2094 1451 2178; x_wconf 78' lang='lat'>(¹²)</span> <span class='ocrx_word' id='word_1_162' title='bbox 1464 2093 1545 2156; x_wconf 84' lang='lat' dir='ltr'><strong>refe·</strong></span> 
     </span>
     <span class='ocr_line' id='line_1_17' title="bbox 254 2195 1549 2292; baseline -0.001 -28"><span class='ocrx_word' id='word_1_163' title='bbox 254 2213 344 2265; x_wconf 78' lang='lat' dir='ltr'><strong>rente</strong></span> <span class='ocrx_word' id='word_1_164' title='bbox 364 2202 476 2267; x_wconf 84' lang='lat' dir='ltr'><strong>eodem</strong></span> <span class='ocrx_word' id='word_1_165' title='bbox 491 2203 530 2268; x_wconf 82' lang='lat' dir='ltr'><strong>cl.</strong></span> <span class='ocrx_word' id='word_1_166' title='bbox 545 2195 623 2282; x_wconf 71' lang='lat' dir='ltr'><strong>uiro,</strong></span> <span class='ocrx_word' id='word_1_167' title='bbox 646 2211 710 2270; x_wconf 70' lang='lat'><strong>26⁰.</strong></span> <span class='ocrx_word' id='word_1_168' title='bbox 717 2204 811 2270; x_wconf 89' lang='lat' dir='ltr'><strong>Febr.</strong></span> <span class='ocrx_word' id='word_1_169' title='bbox 825 2204 885 2270; x_wconf 89' lang='lat' dir='ltr'><strong>fuit</strong></span> <span class='ocrx_word' id='word_1_170' title='bbox 897 2205 1014 2291; x_wconf 86' lang='lat' dir='ltr'><strong>pedum</strong></span> <span class='ocrx_word' id='word_1_171' title='bbox 1028 2213 1069 2270; x_wconf 90' lang='grc'><strong>22</strong></span> <span class='ocrx_word' id='word_1_172' title='bbox 1085 2204 1254 2292; x_wconf 82' lang='lat' dir='ltr'><strong>digitorum</strong></span> <span class='ocrx_word' id='word_1_173' title='bbox 1270 2211 1300 2268; x_wconf 84' lang='lat'><strong>5.</strong></span> <span class='ocrx_word' id='word_1_174' title='bbox 1316 2215 1347 2267; x_wconf 89' lang='lat' dir='ltr'><strong>et</strong></span> <span class='ocrx_word' id='word_1_175' title='bbox 1362 2202 1475 2266; x_wconf 89' lang='lat' dir='ltr'><strong>Martii</strong></span> <span class='ocrx_word' id='word_1_176' title='bbox 1486 2209 1549 2266; x_wconf 84' lang='lat'><strong>18⁰.</strong></span> 
     </span>
     <span class='ocr_line' id='line_1_18' title="bbox 254 2309 1541 2400; baseline -0.002 -26"><span class='ocrx_word' id='word_1_177' title='bbox 254 2310 372 2395; x_wconf 85' lang='lat' dir='ltr'><strong>pedum</strong></span> <span class='ocrx_word' id='word_1_178' title='bbox 396 2320 446 2377; x_wconf 93' lang='grc'><strong>18.</strong></span> <span class='ocrx_word' id='word_1_179' title='bbox 462 2311 551 2400; x_wconf 87' lang='lat' dir='ltr'><strong>digit</strong></span> <span class='ocrx_word' id='word_1_180' title='bbox 568 2321 599 2378; x_wconf 95' lang='grc'><strong>2.</strong></span> <span class='ocrx_word' id='word_1_181' title='bbox 645 2313 825 2379; x_wconf 86' lang='lat' dir='ltr'><strong>Declinatio</strong></span> <span class='ocrx_word' id='word_1_182' title='bbox 846 2313 947 2378; x_wconf 83' lang='lat' dir='ltr'><strong>Lunae</strong></span> <span class='ocrx_word' id='word_1_183' title='bbox 968 2313 1002 2377; x_wconf 90' lang='lat' dir='ltr'><strong>in</strong></span> <span class='ocrx_word' id='word_1_184' title='bbox 1022 2323 1155 2398; x_wconf 87' lang='lat' dir='ltr'><strong>utroque</strong></span> <span class='ocrx_word' id='word_1_185' title='bbox 1176 2333 1250 2376; x_wconf 82' lang='lat' dir='ltr'><strong>casu</strong></span> <span class='ocrx_word' id='word_1_186' title='bbox 1271 2311 1335 2376; x_wconf 69' lang='lat' dir='ltr'><strong>sard</strong></span> <span class='ocrx_word' id='word_1_187' title='bbox 1356 2310 1485 2387; x_wconf 79' lang='lat' dir='ltr'><strong>eadem3</strong></span> <span class='ocrx_word' id='word_1_188' title='bbox 1508 2309 1541 2372; x_wconf 90' lang='lat' dir='ltr'><strong>in</strong></span> 
     </span>
     <span class='ocr_line' id='line_1_19' title="bbox 254 2416 1542 2504; baseline -0.001 -25"><span class='ocrx_word' id='word_1_189' title='bbox 254 2417 353 2500; x_wconf 88' lang='lat' dir='ltr'><strong>priori</strong></span> <span class='ocrx_word' id='word_1_190' title='bbox 374 2416 523 2482; x_wconf 77' lang='lat' dir='ltr'><strong>distantia</strong></span> <span class='ocrx_word' id='word_1_191' title='bbox 543 2418 646 2483; x_wconf 82' lang='lat' dir='ltr'><strong>Lunoe</strong></span> <span class='ocrx_word' id='word_1_192' title='bbox 666 2420 803 2504; x_wconf 82' lang='lat' dir='ltr'><strong>partium</strong></span> <span class='ocrx_word' id='word_1_193' title='bbox 818 2428 893 2497; x_wconf 83' lang='grc'><strong>958,</strong></span> <span class='ocrx_word' id='word_1_194' title='bbox 915 2421 949 2482; x_wconf 91' lang='lat' dir='ltr'><strong>in</strong></span> <span class='ocrx_word' id='word_1_195' title='bbox 961 2419 1127 2503; x_wconf 85' lang='lat' dir='ltr'><strong>posteriori</strong></span> <span class='ocrx_word' id='word_1_196' title='bbox 1140 2419 1277 2502; x_wconf 88' lang='lat' dir='ltr'><strong>partium</strong></span> <span class='ocrx_word' id='word_1_197' title='bbox 1294 2425 1387 2494; x_wconf 91' lang='grc'><strong>1082,</strong></span> <span class='ocrx_word' id='word_1_198' title='bbox 1404 2438 1542 2501; x_wconf 87' lang='lat' dir='ltr'><strong>quarum</strong></span> 
     </span>
    </p>
   </div>
   <div class='ocr_carea' id='block_1_3' title="bbox 139 2523 1545 2613">
    <p class='ocr_par' dir='ltr' id='par_1_4' title="bbox 139 2523 1545 2613">
     <span class='ocr_line' id='line_1_20' title="bbox 139 2523 1545 2613; baseline 0.001 -27"><span class='ocrx_word' id='word_1_199' title='bbox 139 2571 146 2586; x_wconf 86' lang='lat'><strong>.</strong></span> <span class='ocrx_word' id='word_1_200' title='bbox 256 2525 403 2590; x_wconf 83' lang='lat' dir='ltr'><strong>distantia</strong></span> <span class='ocrx_word' id='word_1_201' title='bbox 423 2527 589 2590; x_wconf 85' lang='lat' dir='ltr'><strong>mediocris</strong></span> <span class='ocrx_word' id='word_1_202' title='bbox 614 2540 661 2591; x_wconf 85' lang='lat' dir='ltr'><strong>est</strong></span> <span class='ocrx_word' id='word_1_203' title='bbox 688 2537 781 2593; x_wconf 90' lang='grc'><strong>1000.</strong></span> <span class='ocrx_word' id='word_1_204' title='bbox 830 2527 890 2592; x_wconf 84' lang='lat' dir='ltr'><strong>Est</strong></span> <span class='ocrx_word' id='word_1_205' title='bbox 910 2539 1014 2592; x_wconf 80' lang='lat' dir='ltr'><strong>autem</strong></span> <span class='ocrx_word' id='word_1_206' title='bbox 1040 2525 1224 2613; x_wconf 83' lang='lat' dir='ltr'><strong>quadratum</strong></span> <span class='ocrx_word' id='word_1_207' title='bbox 1242 2525 1365 2588; x_wconf 84' lang='lat' dir='ltr'><strong>muneri</strong></span> <span class='ocrx_word' id='word_1_208' title='bbox 1391 2531 1475 2588; x_wconf 89' lang='grc'><strong>1082</strong></span> <span class='ocrx_word' id='word_1_209' title='bbox 1504 2523 1545 2587; x_wconf 79' lang='lat' dir='ltr'><strong>ad</strong></span> 
     </span>
    </p>
   </div>
   <div class='ocr_carea' id='block_1_4' title="bbox 160 2634 1564 3702">
    <p class='ocr_par' dir='ltr' id='par_1_5' title="bbox 160 2634 1564 3702">
     <span class='ocr_line' id='line_1_21' title="bbox 254 2634 1545 2725; baseline -0.002 -23"><span class='ocrx_word' id='word_1_210' title='bbox 254 2638 441 2723; x_wconf 83' lang='lat' dir='ltr'><strong>quadratum</strong></span> <span class='ocrx_word' id='word_1_211' title='bbox 462 2640 585 2702; x_wconf 90' lang='lat' dir='ltr'><strong>numeri</strong></span> <span class='ocrx_word' id='word_1_212' title='bbox 607 2648 681 2717; x_wconf 85' lang='grc'><strong>958,</strong></span> <span class='ocrx_word' id='word_1_213' title='bbox 712 2653 749 2704; x_wconf 91' lang='lat' dir='ltr'><strong>ut</strong></span> <span class='ocrx_word' id='word_1_214' title='bbox 769 2647 811 2702; x_wconf 92' lang='grc'><strong>22</strong></span> <span class='ocrx_word' id='word_1_215' title='bbox 831 2638 928 2723; x_wconf 84' lang='lat' dir='ltr'><strong>pedes</strong></span> <span class='ocrx_word' id='word_1_216' title='bbox 951 2647 971 2704; x_wconf 78' lang='grc' dir='ltr'><em>ὃ</em></span> <span class='ocrx_word' id='word_1_217' title='bbox 992 2638 1080 2725; x_wconf 84' lang='lat' dir='ltr'><strong>digit.</strong></span> <span class='ocrx_word' id='word_1_218' title='bbox 1103 2637 1143 2702; x_wconf 87' lang='lat' dir='ltr'><strong>ad</strong></span> <span class='ocrx_word' id='word_1_219' title='bbox 1167 2646 1206 2702; x_wconf 90' lang='lat'><strong>19</strong></span> <span class='ocrx_word' id='word_1_220' title='bbox 1228 2636 1324 2720; x_wconf 85' lang='lat' dir='ltr'><strong>pedes</strong></span> <span class='ocrx_word' id='word_1_221' title='bbox 1349 2634 1388 2715; x_wconf 65' lang='lat'><strong>1}</strong></span> <span class='ocrx_word' id='word_1_222' title='bbox 1409 2635 1545 2721; x_wconf 79' lang='lat' dir='ltr'><strong>digitos3</strong></span> 
     </span>
     <span class='ocr_line' id='line_1_22' title="bbox 254 2741 1539 2836; baseline -0.003 -29"><span class='ocrx_word' id='word_1_223' title='bbox 254 2767 401 2810; x_wconf 84' lang='lat' dir='ltr'><strong>ascensus</strong></span> <span class='ocrx_word' id='word_1_224' title='bbox 415 2759 520 2811; x_wconf 86' lang='lat' dir='ltr'><strong>autem</strong></span> <span class='ocrx_word' id='word_1_225' title='bbox 534 2768 625 2833; x_wconf 83' lang='lat' dir='ltr'><strong>aquae</strong></span> <span class='ocrx_word' id='word_1_226' title='bbox 638 2747 673 2810; x_wconf 89' lang='lat' dir='ltr'><strong>in</strong></span> <span class='ocrx_word' id='word_1_227' title='bbox 686 2746 852 2836; x_wconf 80' lang='lat' dir='ltr'><strong>posteriori</strong></span> <span class='ocrx_word' id='word_1_228' title='bbox 866 2769 940 2810; x_wconf 85' lang='lat' dir='ltr'><strong>casu</strong></span> <span class='ocrx_word' id='word_1_229' title='bbox 954 2743 1012 2810; x_wconf 87' lang='lat' dir='ltr'><strong>suit</strong></span> <span class='ocrx_word' id='word_1_230' title='bbox 1026 2744 1148 2809; x_wconf 77' lang='lat' dir='ltr'><strong>tantrim</strong></span> <span class='ocrx_word' id='word_1_231' title='bbox 1162 2753 1201 2808; x_wconf 88' lang='grc'><strong>18</strong></span> <span class='ocrx_word' id='word_1_232' title='bbox 1217 2743 1288 2832; x_wconf 81' lang='lat' dir='ltr'><strong>ped.</strong></span> <span class='ocrx_word' id='word_1_233' title='bbox 1300 2765 1370 2806; x_wconf 91' lang='lat' dir='ltr'><strong>cum</strong></span> <span class='ocrx_word' id='word_1_234' title='bbox 1386 2750 1406 2804; x_wconf 91' lang='grc'><strong>2</strong></span> <span class='ocrx_word' id='word_1_235' title='bbox 1422 2741 1539 2828; x_wconf 87' lang='lat' dir='ltr'><strong>digitis.</strong></span> 
     </span>
     <span class='ocr_line' id='line_1_23' title="bbox 256 2848 1546 2938; baseline -0.003 -22"><span class='ocrx_word' id='word_1_236' title='bbox 256 2861 287 2915; x_wconf 87' lang='grc'><strong>8.</strong></span> <span class='ocrx_word' id='word_1_237' title='bbox 311 2853 425 2917; x_wconf 84' lang='lat' dir='ltr'><strong>AEstus</strong></span> <span class='ocrx_word' id='word_1_238' title='bbox 447 2866 530 2935; x_wconf 79' lang='lat' dir='ltr'><strong>sunt,</strong></span> <span class='ocrx_word' id='word_1_239' title='bbox 553 2855 674 2919; x_wconf 84' lang='lat' dir='ltr'><strong>oaeteris</strong></span> <span class='ocrx_word' id='word_1_240' title='bbox 694 2855 832 2938; x_wconf 89' lang='lat' dir='ltr'><strong>paribus,</strong></span> <span class='ocrx_word' id='word_1_241' title='bbox 856 2854 999 2937; x_wconf 87' lang='lat' dir='ltr'><strong>majores,</strong></span> <span class='ocrx_word' id='word_1_242' title='bbox 1023 2851 1094 2916; x_wconf 81' lang='lat' dir='ltr'><strong>crim</strong></span> <span class='ocrx_word' id='word_1_243' title='bbox 1118 2851 1212 2916; x_wconf 83' lang='lat' dir='ltr'><strong>Luna</strong></span> <span class='ocrx_word' id='word_1_244' title='bbox 1226 2862 1367 2914; x_wconf 84' lang='lat' dir='ltr'><strong>versatur</strong></span> <span class='ocrx_word' id='word_1_245' title='bbox 1380 2849 1414 2910; x_wconf 87' lang='lat' dir='ltr'><strong>in</strong></span> <span class='ocrx_word' id='word_1_246' title='bbox 1428 2848 1546 2912; x_wconf 90' lang='lat' dir='ltr'><strong>circulo</strong></span> 
     </span>
     <span class='ocr_line' id='line_1_24' title="bbox 258 2956 1564 3056; baseline -0.002 -33"><span class='ocrx_word' id='word_1_247' title='bbox 258 2963 477 3045; x_wconf 75' lang='lat' dir='ltr'><strong>aequinoctiali,</strong></span> <span class='ocrx_word' id='word_1_248' title='bbox 493 2975 525 3026; x_wconf 88' lang='lat' dir='ltr'><strong>et</strong></span> <span class='ocrx_word' id='word_1_249' title='bbox 539 2963 723 3026; x_wconf 89' lang='lat' dir='ltr'><strong>minuuntur</strong></span> <span class='ocrx_word' id='word_1_250' title='bbox 737 2973 896 3026; x_wconf 76' lang='lat' dir='ltr'><strong>crescente</strong></span> <span class='ocrx_word' id='word_1_251' title='bbox 911 2961 1015 3025; x_wconf 81' lang='lat' dir='ltr'><strong>Lunae</strong></span> <span class='ocrx_word' id='word_1_252' title='bbox 1029 2959 1238 3025; x_wconf 80' lang='lat' dir='ltr'><strong>declinatione</strong></span> <span class='ocrx_word' id='word_1_253' title='bbox 1252 2957 1293 3022; x_wconf 93' lang='lat' dir='ltr'><strong>ab</strong></span> <span class='ocrx_word' id='word_1_254' title='bbox 1307 2956 1370 3020; x_wconf 89' lang='lat' dir='ltr'><strong>hoo</strong></span> <span class='ocrx_word' id='word_1_255' title='bbox 1383 2956 1510 3020; x_wconf 86' lang='lat' dir='ltr'><strong>circulo.</strong></span> <span class='ocrx_word' id='word_1_256' title='bbox 1559 3003 1564 3056; x_wconf 77' lang='lat'><strong>,³</strong></span> 
     </span>
     <span class='ocr_line' id='line_1_25' title="bbox 299 3065 1562 3157; baseline -0.005 -23"><span class='ocrx_word' id='word_1_257' title='bbox 299 3071 364 3135; x_wconf 90' lang='lat' dir='ltr'><strong>III.</strong></span> <span class='ocrx_word' id='word_1_258' title='bbox 391 3072 502 3134; x_wconf 87' lang='lat' dir='ltr'><strong>AEstus</strong></span> <span class='ocrx_word' id='word_1_259' title='bbox 527 3072 618 3148; x_wconf 86' lang='lat' dir='ltr'><strong>fiunt,</strong></span> <span class='ocrx_word' id='word_1_260' title='bbox 644 3073 763 3137; x_wconf 81' lang='lat' dir='ltr'><strong>coeteris</strong></span> <span class='ocrx_word' id='word_1_261' title='bbox 795 3073 933 3157; x_wconf 86' lang='lat' dir='ltr'><strong>paribus,</strong></span> <span class='ocrx_word' id='word_1_262' title='bbox 956 3072 1099 3156; x_wconf 80' lang='lat' dir='ltr'><strong>majores,</strong></span> <span class='ocrx_word' id='word_1_263' title='bbox 1125 3068 1189 3156; x_wconf 80' lang='lat' dir='ltr'><strong>qud</strong></span> <span class='ocrx_word' id='word_1_264' title='bbox 1208 3068 1312 3132; x_wconf 90' lang='lat' dir='ltr'><strong>minor</strong></span> <span class='ocrx_word' id='word_1_265' title='bbox 1332 3079 1380 3132; x_wconf 87' lang='lat' dir='ltr'><strong>est</strong></span> <span class='ocrx_word' id='word_1_266' title='bbox 1399 3065 1562 3130; x_wconf 78' lang='lat' dir='ltr'><strong>distantia</strong></span> 
     </span>
     <span class='ocr_line' id='line_1_26' title="bbox 258 3169 1544 3266; baseline -0.004 -22"><span class='ocrx_word' id='word_1_267' title='bbox 258 3180 342 3244; x_wconf 88' lang='lat' dir='ltr'><strong>Solis</strong></span> <span class='ocrx_word' id='word_1_268' title='bbox 364 3205 384 3244; x_wconf 91' lang='lat' dir='ltr'><strong>a</strong></span> <span class='ocrx_word' id='word_1_269' title='bbox 406 3182 524 3258; x_wconf 84' lang='lat' dir='ltr'><strong>Terra3</strong></span> <span class='ocrx_word' id='word_1_270' title='bbox 546 3180 688 3266; x_wconf 74' lang='lat' dir='ltr'><strong>riderique</strong></span> <span class='ocrx_word' id='word_1_271' title='bbox 710 3181 844 3266; x_wconf 85' lang='lat' dir='ltr'><strong>majores</strong></span> <span class='ocrx_word' id='word_1_272' title='bbox 864 3181 975 3266; x_wconf 86' lang='lat' dir='ltr'><strong>hyeme</strong></span> <span class='ocrx_word' id='word_1_273' title='bbox 999 3181 1118 3244; x_wconf 81' lang='lat' dir='ltr'><strong>caeteris</strong></span> <span class='ocrx_word' id='word_1_274' title='bbox 1142 3169 1280 3262; x_wconf 85' lang='lat' dir='ltr'><strong>paribus,</strong></span> <span class='ocrx_word' id='word_1_275' title='bbox 1306 3174 1401 3260; x_wconf 76' lang='lat' dir='ltr'><strong>quim</strong></span> <span class='ocrx_word' id='word_1_276' title='bbox 1427 3187 1544 3239; x_wconf 78' lang='lat' dir='ltr'><strong>aestate.</strong></span> 
     </span>
     <span class='ocr_line' id='line_1_27' title="bbox 160 3283 1546 3376; baseline -0.004 -25"><span class='ocrx_word' id='word_1_277' title='bbox 160 3338 163 3342; x_wconf 83' lang='grc'><strong>-</strong></span> <span class='ocrx_word' id='word_1_278' title='bbox 254 3287 447 3352; x_wconf 83' lang='lat' dir='ltr'><strong>Differentiu</strong></span> <span class='ocrx_word' id='word_1_279' title='bbox 468 3289 546 3353; x_wconf 86' lang='lat' dir='ltr'><strong>verd</strong></span> <span class='ocrx_word' id='word_1_280' title='bbox 568 3287 662 3376; x_wconf 74' lang='lat' dir='ltr'><strong>longe</strong></span> <span class='ocrx_word' id='word_1_281' title='bbox 684 3289 788 3352; x_wconf 91' lang='lat' dir='ltr'><strong>minor</strong></span> <span class='ocrx_word' id='word_1_282' title='bbox 808 3300 857 3352; x_wconf 86' lang='lat' dir='ltr'><strong>est</strong></span> <span class='ocrx_word' id='word_1_283' title='bbox 877 3287 971 3374; x_wconf 77' lang='lat' dir='ltr'><strong>quim</strong></span> <span class='ocrx_word' id='word_1_284' title='bbox 986 3311 1058 3373; x_wconf 85' lang='lat' dir='ltr'><strong>quae</strong></span> <span class='ocrx_word' id='word_1_285' title='bbox 1073 3309 1113 3351; x_wconf 83' lang='lat' dir='ltr'><strong>ex</strong></span> <span class='ocrx_word' id='word_1_286' title='bbox 1127 3285 1255 3350; x_wconf 83' lang='lat' dir='ltr'><strong>diversis</strong></span> <span class='ocrx_word' id='word_1_287' title='bbox 1277 3283 1379 3350; x_wconf 85' lang='lat' dir='ltr'><strong>Lunae</strong></span> <span class='ocrx_word' id='word_1_288' title='bbox 1392 3283 1546 3348; x_wconf 81' lang='lat' dir='ltr'><strong>distantiis</strong></span> 
     </span>
     <span class='ocr_line' id='line_1_28' title="bbox 254 3393 1544 3486; baseline 0 -27"><span class='ocrx_word' id='word_1_289' title='bbox 254 3397 363 3460; x_wconf 89' lang='lat' dir='ltr'><strong>oritur.</strong></span> <span class='ocrx_word' id='word_1_290' title='bbox 397 3397 458 3461; x_wconf 82' lang='lat' dir='ltr'><strong>Ex.</strong></span> <span class='ocrx_word' id='word_1_291' title='bbox 474 3421 523 3486; x_wconf 86' lang='lat' dir='ltr'><strong>gr.</strong></span> <span class='ocrx_word' id='word_1_292' title='bbox 538 3398 697 3462; x_wconf 84' lang='lat' dir='ltr'><strong>distantiae</strong></span> <span class='ocrx_word' id='word_1_293' title='bbox 714 3397 819 3464; x_wconf 88' lang='lat' dir='ltr'><strong>Lunae</strong></span> <span class='ocrx_word' id='word_1_294' title='bbox 833 3399 969 3485; x_wconf 83' lang='lat' dir='ltr'><strong>perigeae</strong></span> <span class='ocrx_word' id='word_1_295' title='bbox 983 3397 1110 3462; x_wconf 87' lang='lat' dir='ltr'><strong>fuerunt</strong></span> <span class='ocrx_word' id='word_1_296' title='bbox 1123 3393 1258 3481; x_wconf 82' lang='lat' dir='ltr'><strong>aequales</strong></span> <span class='ocrx_word' id='word_1_297' title='bbox 1272 3393 1359 3457; x_wconf 81' lang='lat' dir='ltr'><strong>Jturii</strong></span> <span class='ocrx_word' id='word_1_298' title='bbox 1382 3401 1432 3468; x_wconf 93' lang='grc'><strong>19,</strong></span> <span class='ocrx_word' id='word_1_299' title='bbox 1451 3395 1544 3460; x_wconf 87' lang='grc'><strong>1711.</strong></span> 
     </span>
     <span class='ocr_line' id='line_1_29' title="bbox 254 3500 1544 3593; baseline -0.006 -22"><span class='ocrx_word' id='word_1_300' title='bbox 254 3519 286 3571; x_wconf 90' lang='lat' dir='ltr'><strong>et</strong></span> <span class='ocrx_word' id='word_1_301' title='bbox 301 3508 482 3572; x_wconf 87' lang='lat' dir='ltr'><strong>Decembri.</strong></span> <span class='ocrx_word' id='word_1_302' title='bbox 499 3516 554 3585; x_wconf 91' lang='grc'><strong>28,</strong></span> <span class='ocrx_word' id='word_1_303' title='bbox 575 3515 668 3577; x_wconf 85' lang='grc'><strong>1712.</strong></span> <span class='ocrx_word' id='word_1_304' title='bbox 683 3530 829 3572; x_wconf 81' lang='lat' dir='ltr'><strong>ascensus</strong></span> <span class='ocrx_word' id='word_1_305' title='bbox 843 3529 933 3593; x_wconf 85' lang='lat' dir='ltr'><strong>aquae</strong></span> <span class='ocrx_word' id='word_1_306' title='bbox 954 3506 1059 3591; x_wconf 89' lang='lat' dir='ltr'><strong>priore</strong></span> <span class='ocrx_word' id='word_1_307' title='bbox 1073 3505 1124 3568; x_wconf 88' lang='lat' dir='ltr'><strong>die</strong></span> <span class='ocrx_word' id='word_1_308' title='bbox 1137 3503 1254 3588; x_wconf 84' lang='lat' dir='ltr'><strong>padum</strong></span> <span class='ocrx_word' id='word_1_309' title='bbox 1271 3509 1308 3566; x_wconf 92' lang='grc'><strong>18</strong></span> <span class='ocrx_word' id='word_1_310' title='bbox 1324 3500 1410 3588; x_wconf 87' lang='lat' dir='ltr'><strong>digit.</strong></span> <span class='ocrx_word' id='word_1_311' title='bbox 1426 3509 1455 3564; x_wconf 84' lang='lat'><strong>4.</strong></span> <span class='ocrx_word' id='word_1_312' title='bbox 1470 3521 1544 3582; x_wconf 86' lang='lat' dir='ltr'><strong>pos·</strong></span> 
     </span>
     <span class='ocr_line' id='line_1_30' title="bbox 254 3605 1544 3702; baseline -0.005 -26"><span class='ocrx_word' id='word_1_313' title='bbox 254 3613 363 3677; x_wconf 88' lang='lat' dir='ltr'><strong>teriori</strong></span> <span class='ocrx_word' id='word_1_314' title='bbox 383 3613 502 3698; x_wconf 89' lang='lat' dir='ltr'><strong>pedum</strong></span> <span class='ocrx_word' id='word_1_315' title='bbox 529 3623 579 3678; x_wconf 93' lang='lat'><strong>19.</strong></span> <span class='ocrx_word' id='word_1_316' title='bbox 601 3614 690 3702; x_wconf 84' lang='lat' dir='ltr'><strong>digit.</strong></span> <span class='ocrx_word' id='word_1_317' title='bbox 713 3623 764 3688; x_wconf 88' lang='grc'><strong>2.;</strong></span> <span class='ocrx_word' id='word_1_318' title='bbox 787 3613 954 3696; x_wconf 84' lang='lat' dir='ltr'><strong>declinatio</strong></span> <span class='ocrx_word' id='word_1_319' title='bbox 975 3625 1079 3676; x_wconf 88' lang='lat' dir='ltr'><strong>autem</strong></span> <span class='ocrx_word' id='word_1_320' title='bbox 1100 3610 1202 3675; x_wconf 79' lang='lat' dir='ltr'><strong>Lunae</strong></span> <span class='ocrx_word' id='word_1_321' title='bbox 1216 3606 1274 3672; x_wconf 87' lang='lat' dir='ltr'><strong>suit</strong></span> <span class='ocrx_word' id='word_1_322' title='bbox 1286 3605 1381 3692; x_wconf 79' lang='lat' dir='ltr'><strong>pauli)</strong></span> <span class='ocrx_word' id='word_1_323' title='bbox 1395 3605 1496 3669; x_wconf 92' lang='lat' dir='ltr'><strong>minor</strong></span> <span class='ocrx_word' id='word_1_324' title='bbox 1510 3607 1544 3670; x_wconf 91' lang='lat' dir='ltr'><strong>in</strong></span> 
     </span>
    </p>
   </div>
   <div class='ocr_carea' id='block_1_5' title="bbox 253 3718 1547 3907">
    <p class='ocr_par' dir='ltr' id='par_1_6' title="bbox 253 3718 1547 3907">
     <span class='ocr_line' id='line_1_31' title="bbox 253 3718 835 3805; baseline 0 -23"><span class='ocrx_word' id='word_1_325' title='bbox 253 3719 313 3783; x_wconf 85' lang='lat' dir='ltr'><strong>hac</strong></span> <span class='ocrx_word' id='word_1_326' title='bbox 328 3718 422 3805; x_wconf 72' lang='lat' dir='ltr'><strong>quim</strong></span> <span class='ocrx_word' id='word_1_327' title='bbox 437 3721 471 3783; x_wconf 88' lang='lat' dir='ltr'><strong>in</strong></span> <span class='ocrx_word' id='word_1_328' title='bbox 489 3719 544 3782; x_wconf 90' lang='lat' dir='ltr'><strong>illa</strong></span> <span class='ocrx_word' id='word_1_329' title='bbox 557 3720 782 3783; x_wconf 84' lang='lat' dir='ltr'><strong>observatione.</strong></span> <span class='ocrx_word' id='word_1_330' title='bbox 799 3720 835 3804; x_wconf 76' lang='lat'><strong>(⁰)</strong></span> 
     </span>
     <span class='ocr_line' id='line_1_32' title="bbox 299 3818 1547 3907; baseline -0.006 -19"><span class='ocrx_word' id='word_1_331' title='bbox 299 3825 401 3889; x_wconf 73' lang='lat' dir='ltr'><strong>Porri&gt;</strong></span> <span class='ocrx_word' id='word_1_332' title='bbox 426 3827 460 3889; x_wconf 88' lang='lat' dir='ltr'><strong>in</strong></span> <span class='ocrx_word' id='word_1_333' title='bbox 485 3826 620 3890; x_wconf 89' lang='lat' dir='ltr'><strong>diversis</strong></span> <span class='ocrx_word' id='word_1_334' title='bbox 650 3825 729 3888; x_wconf 92' lang='lat' dir='ltr'><strong>locis</strong></span> <span class='ocrx_word' id='word_1_335' title='bbox 753 3839 848 3888; x_wconf 83' lang='lat' dir='ltr'><strong>aestus</strong></span> <span class='ocrx_word' id='word_1_336' title='bbox 874 3837 947 3888; x_wconf 90' lang='lat' dir='ltr'><strong>sunt</strong></span> <span class='ocrx_word' id='word_1_337' title='bbox 970 3823 1093 3899; x_wconf 88' lang='lat' dir='ltr'><strong>diversi,</strong></span> <span class='ocrx_word' id='word_1_338' title='bbox 1119 3843 1179 3907; x_wconf 87' lang='lat' dir='ltr'><strong>pro</strong></span> <span class='ocrx_word' id='word_1_339' title='bbox 1202 3819 1289 3883; x_wconf 84' lang='lat' dir='ltr'><strong>varia</strong></span> <span class='ocrx_word' id='word_1_340' title='bbox 1312 3818 1453 3882; x_wconf 80' lang='lat' dir='ltr'><strong>locorum</strong></span> <span class='ocrx_word' id='word_1_341' title='bbox 1475 3818 1547 3882; x_wconf 84' lang='lat' dir='ltr'><strong>lati-</strong></span> 
     </span>
    </p>
   </div>
   <div class='ocr_carea' id='block_1_6' title="bbox 254 3926 1548 4211">
    <p class='ocr_par' dir='ltr' id='par_1_7' title="bbox 254 3926 1548 4211">
     <span class='ocr_line' id='line_1_33' title="bbox 258 3926 1547 4020; baseline -0.005 -25"><span class='ocrx_word' id='word_1_342' title='bbox 258 3935 379 4012; x_wconf 89' lang='lat' dir='ltr'><strong>tudine,</strong></span> <span class='ocrx_word' id='word_1_343' title='bbox 410 3957 584 4020; x_wconf 84' lang='lat' dir='ltr'><strong>eorumque</strong></span> <span class='ocrx_word' id='word_1_344' title='bbox 610 3933 671 3998; x_wconf 90' lang='lat' dir='ltr'><strong>situ</strong></span> <span class='ocrx_word' id='word_1_345' title='bbox 697 3946 840 4018; x_wconf 88' lang='lat' dir='ltr'><strong>respectu</strong></span> <span class='ocrx_word' id='word_1_346' title='bbox 866 3933 973 3997; x_wconf 81' lang='lat' dir='ltr'><strong>oceani</strong></span> <span class='ocrx_word' id='word_1_347' title='bbox 1003 3931 1086 3996; x_wconf 85' lang='lat' dir='ltr'><strong>unde</strong></span> <span class='ocrx_word' id='word_1_348' title='bbox 1114 3943 1335 4016; x_wconf 80' lang='lat' dir='ltr'><strong>propaguntur,</strong></span> <span class='ocrx_word' id='word_1_349' title='bbox 1361 3950 1420 4013; x_wconf 87' lang='lat' dir='ltr'><strong>pro</strong></span> <span class='ocrx_word' id='word_1_350' title='bbox 1448 3926 1547 4010; x_wconf 90' lang='lat' dir='ltr'><strong>ipsius</strong></span> 
     </span>
     <span class='ocr_line' id='line_1_34' title="bbox 257 4030 1548 4126; baseline -0.005 -24"><span class='ocrx_word' id='word_1_351' title='bbox 257 4041 367 4103; x_wconf 83' lang='lat' dir='ltr'><strong>oceani</strong></span> <span class='ocrx_word' id='word_1_352' title='bbox 392 4030 610 4126; x_wconf 82' lang='lat' dir='ltr'><strong>amplitudine,</strong></span> <span class='ocrx_word' id='word_1_353' title='bbox 638 4053 671 4104; x_wconf 89' lang='lat' dir='ltr'><strong>et</strong></span> <span class='ocrx_word' id='word_1_354' title='bbox 695 4039 837 4104; x_wconf 88' lang='lat' dir='ltr'><strong>littorum</strong></span> <span class='ocrx_word' id='word_1_355' title='bbox 861 4037 1074 4124; x_wconf 85' lang='lat' dir='ltr'><strong>fretormnque</strong></span> <span class='ocrx_word' id='word_1_356' title='bbox 1100 4036 1215 4113; x_wconf 88' lang='lat' dir='ltr'><strong>indole,</strong></span> <span class='ocrx_word' id='word_1_357' title='bbox 1239 4035 1367 4121; x_wconf 85' lang='lat' dir='ltr'><strong>aliisque</strong></span> <span class='ocrx_word' id='word_1_358' title='bbox 1391 4033 1483 4096; x_wconf 83' lang='lat' dir='ltr'><strong>variis</strong></span> <span class='ocrx_word' id='word_1_359' title='bbox 1507 4032 1548 4096; x_wconf 86' lang='lat' dir='ltr'><strong>da</strong></span> 
     </span>
     <span class='ocr_line' id='line_1_35' title="bbox 254 4169 364 4211; baseline -0.009 0"><span class='ocrx_word' id='word_1_360' title='bbox 254 4169 364 4211; x_wconf 80' lang='lat' dir='ltr'><strong>causis.</strong></span> 
     </span>
    </p>
   </div>
   <div class='ocr_carea' id='block_1_7' title="bbox 258 4378 1671 4572">
    <p class='ocr_par' dir='ltr' id='par_1_8' title="bbox 258 4378 1671 4572">
     <span class='ocr_line' id='line_1_36' title="bbox 272 4378 1671 4462; baseline -0.005 -34"><span class='ocrx_word' id='word_1_361' title='bbox 272 4379 887 4462; x_wconf 46' lang='lat' dir='ltr'><strong>guaimarius.undernarius</strong></span> <span class='ocrx_word' id='word_1_362' title='bbox 953 4381 989 4446; x_wconf 61' lang='grc' dir='ltr'><strong>(ι)</strong></span> <span class='ocrx_word' id='word_1_363' title='bbox 1007 4381 1081 4430; x_wconf 63' lang='lat' dir='ltr'><strong>uas</strong></span> <span class='ocrx_word' id='word_1_364' title='bbox 1094 4379 1229 4429; x_wconf 63' lang='lat' dir='ltr'><strong>aeruna</strong></span> <span class='ocrx_word' id='word_1_365' title='bbox 1246 4378 1344 4441; x_wconf 54' lang='lat' dir='ltr'><strong>nosue,</strong></span> <span class='ocrx_word' id='word_1_366' title='bbox 1357 4381 1425 4444; x_wconf 72' lang='lat' dir='ltr'><strong>nro</strong></span> <span class='ocrx_word' id='word_1_367' title='bbox 1442 4381 1510 4428; x_wconf 79' lang='lat'><strong>1712</strong></span> <span class='ocrx_word' id='word_1_368' title='bbox 1523 4385 1548 4423; x_wconf 75' lang='lat' dir='ltr'><strong>a</strong></span> <span class='ocrx_word' id='word_1_369' title='bbox 1670 4427 1671 4430; x_wconf 48' lang='lat'><strong>,</strong></span> 
     </span>
     <span class='ocr_line' id='line_1_37' title="bbox 258 4449 989 4572; baseline 0.005 -81"><span class='ocrx_word' id='word_1_370' title='bbox 258 4449 402 4572; x_wconf 44' lang='lat' dir='ltr'><strong>lagg-Ibi&amp;</strong></span> <span class='ocrx_word' id='word_1_371' title='bbox 920 4449 989 4495; x_wconf 73' lang='lat'><strong>171³.</strong></span> 
     </span>
    </p>
   </div>
   <div class='ocr_carea' id='block_1_8' title="bbox 0 0 1696 5459">
    <p class='ocr_par' dir='ltr' id='par_1_9' title="bbox 0 0 1696 5459">
     <span class='ocr_line' id='line_1_38' title="bbox 0 0 1696 5459; baseline 0 2"><span class='ocrx_word' id='word_1_372' title='bbox 0 0 1696 5459; x_wconf 95' lang='lat' dir='ltr'><strong> </strong></span> 
     </span>
    </p>
   </div>
  </div>
 </body>
</html>
