<?xml version="1.0" encoding="UTF-8"?>
<!DOCTYPE html PUBLIC "-//W3C//DTD XHTML 1.0 Transitional//EN"
    "http://www.w3.org/TR/xhtml1/DTD/xhtml1-transitional.dtd">
<html xmlns="http://www.w3.org/1999/xhtml" xml:lang="en" lang="en">
 <head>
  <title>
</title>
<meta http-equiv="Content-Type" content="text/html;charset=utf-8" />
  <meta name='ocr-system' content='tesseract 3.04.00' />
  <meta name='ocr-capabilities' content='ocr_page ocr_carea ocr_par ocr_line ocrx_word'/>
</head>
<body>
  <div class='ocr_page' id='page_1' title='image "./philosophinatur05wriggoog_0345.png"; bbox 0 0 3384 5459; ppageno 0'>
   <div class='ocr_carea' id='block_1_1' title="bbox 435 380 1446 450">
    <p class='ocr_par' dir='ltr' id='par_1_1' title="bbox 435 380 1446 450">
     <span class='ocr_line' id='line_1_1' title="bbox 435 380 1446 450; baseline -0.004 -3"><span class='ocrx_word' id='word_1_1' title='bbox 435 380 626 449; x_wconf 78' lang='lat' dir='ltr'>FLUXUS</span> <span class='ocrx_word' id='word_1_2' title='bbox 648 382 710 447; x_wconf 84' lang='lat' dir='ltr'><strong>AC</strong></span> <span class='ocrx_word' id='word_1_3' title='bbox 733 380 988 450; x_wconf 86' lang='lat' dir='ltr'>REFLUXUS</span> <span class='ocrx_word' id='word_1_4' title='bbox 1011 381 1170 448; x_wconf 76' lang='lat' dir='ltr'><strong>Marus.</strong></span> <span class='ocrx_word' id='word_1_5' title='bbox 1383 386 1446 445; x_wconf 77' lang='grc'><strong>299</strong></span> 
     </span>
    </p>
   </div>
   <div class='ocr_carea' id='block_1_2' title="bbox 159 544 1449 827">
    <p class='ocr_par' dir='ltr' id='par_1_2' title="bbox 159 544 1449 827">
     <span class='ocr_line' id='line_1_2' title="bbox 161 544 1449 636; baseline 0.002 -27"><span class='ocrx_word' id='word_1_6' title='bbox 161 544 273 609; x_wconf 79' lang='lat' dir='ltr'><strong>Altera</strong></span> <span class='ocrx_word' id='word_1_7' title='bbox 296 558 401 611; x_wconf 85' lang='lat' dir='ltr'><strong>autern</strong></span> <span class='ocrx_word' id='word_1_8' title='bbox 425 548 590 615; x_wconf 85' lang='lat' dir='ltr'><strong>difficultas</strong></span> <span class='ocrx_word' id='word_1_9' title='bbox 611 551 644 613; x_wconf 89' lang='lat' dir='ltr'><strong>in</strong></span> <span class='ocrx_word' id='word_1_10' title='bbox 665 549 732 636; x_wconf 76' lang='lat' dir='ltr'><strong>ipsd</strong></span> <span class='ocrx_word' id='word_1_11' title='bbox 753 550 872 636; x_wconf 85' lang='lat' dir='ltr'><strong>analysi</strong></span> <span class='ocrx_word' id='word_1_12' title='bbox 895 563 943 615; x_wconf 91' lang='lat' dir='ltr'><strong>est</strong></span> <span class='ocrx_word' id='word_1_13' title='bbox 961 552 1073 636; x_wconf 84' lang='lat' dir='ltr'><strong>posita,</strong></span> <span class='ocrx_word' id='word_1_14' title='bbox 1097 548 1135 613; x_wconf 84' lang='lat' dir='ltr'><strong>eb</strong></span> <span class='ocrx_word' id='word_1_15' title='bbox 1157 549 1243 635; x_wconf 87' lang='lat' dir='ltr'><strong>qubd</strong></span> <span class='ocrx_word' id='word_1_16' title='bbox 1264 549 1323 615; x_wconf 90' lang='lat' dir='ltr'><strong>iste</strong></span> <span class='ocrx_word' id='word_1_17' title='bbox 1343 562 1449 615; x_wconf 91' lang='lat' dir='ltr'><strong>motus</strong></span> 
     </span>
     <span class='ocr_line' id='line_1_3' title="bbox 159 650 1447 745; baseline 0.003 -28"><span class='ocrx_word' id='word_1_18' title='bbox 159 652 255 717; x_wconf 82' lang='lat' dir='ltr'><strong>maris</strong></span> <span class='ocrx_word' id='word_1_19' title='bbox 269 654 446 737; x_wconf 88' lang='lat' dir='ltr'><strong>reciprocus</strong></span> <span class='ocrx_word' id='word_1_20' title='bbox 467 678 596 741; x_wconf 83' lang='lat' dir='ltr'><strong>prorsus</strong></span> <span class='ocrx_word' id='word_1_21' title='bbox 610 658 651 721; x_wconf 87' lang='lat' dir='ltr'><strong>sit</strong></span> <span class='ocrx_word' id='word_1_22' title='bbox 664 656 804 722; x_wconf 83' lang='lat' dir='ltr'><strong>diversus</strong></span> <span class='ocrx_word' id='word_1_23' title='bbox 818 656 1017 745; x_wconf 38' lang='lat' dir='ltr'><strong>ab‘omnibus</strong></span> <span class='ocrx_word' id='word_1_24' title='bbox 1035 650 1278 736; x_wconf 83' lang='lat' dir='ltr'><strong>oscillationibus</strong></span> <span class='ocrx_word' id='word_1_25' title='bbox 1292 679 1311 720; x_wconf 86' lang='lat' dir='ltr'><strong>a</strong></span> <span class='ocrx_word' id='word_1_26' title='bbox 1324 655 1447 721; x_wconf 87' lang='lat' dir='ltr'><strong>matbe-</strong></span> 
     </span>
     <span class='ocr_line' id='line_1_4' title="bbox 160 758 1447 827; baseline 0.002 -4"><span class='ocrx_word' id='word_1_27' title='bbox 160 758 281 823; x_wconf 84' lang='lat' dir='ltr'><strong>maticis</strong></span> <span class='ocrx_word' id='word_1_28' title='bbox 301 759 405 824; x_wconf 85' lang='lat' dir='ltr'><strong>adhuc</strong></span> <span class='ocrx_word' id='word_1_29' title='bbox 426 763 646 827; x_wconf 73' lang='lat' dir='ltr'><strong>consideratis:</strong></span> <span class='ocrx_word' id='word_1_30' title='bbox 669 764 749 825; x_wconf 77' lang='lat' dir='ltr'><strong>vires</strong></span> <span class='ocrx_word' id='word_1_31' title='bbox 770 764 855 827; x_wconf 90' lang='lat' dir='ltr'><strong>enim</strong></span> <span class='ocrx_word' id='word_1_32' title='bbox 878 762 980 827; x_wconf 81' lang='lat' dir='ltr'><strong>Lunoe</strong></span> <span class='ocrx_word' id='word_1_33' title='bbox 995 785 1032 826; x_wconf 84' lang='lat' dir='ltr'><strong>ec</strong></span> <span class='ocrx_word' id='word_1_34' title='bbox 1048 761 1129 827; x_wconf 91' lang='lat' dir='ltr'><strong>Solis</strong></span> <span class='ocrx_word' id='word_1_35' title='bbox 1143 783 1230 825; x_wconf 86' lang='lat' dir='ltr'><strong>mare</strong></span> <span class='ocrx_word' id='word_1_36' title='bbox 1244 762 1447 827; x_wconf 81' lang='lat' dir='ltr'><strong>sollicitantes</strong></span> 
     </span>
    </p>
   </div>
   <div class='ocr_carea' id='block_1_3' title="bbox 160 867 1560 961">
    <p class='ocr_par' dir='ltr' id='par_1_3' title="bbox 160 867 1560 961">
     <span class='ocr_line' id='line_1_5' title="bbox 160 867 1560 961; baseline 0.004 -35"><span class='ocrx_word' id='word_1_37' title='bbox 160 884 264 951; x_wconf 92' lang='lat' dir='ltr'><strong>neque</strong></span> <span class='ocrx_word' id='word_1_38' title='bbox 285 888 306 927; x_wconf 88' lang='lat' dir='ltr'><strong>a</strong></span> <span class='ocrx_word' id='word_1_39' title='bbox 330 867 391 929; x_wconf 88' lang='lat' dir='ltr'><strong>situ</strong></span> <span class='ocrx_word' id='word_1_40' title='bbox 414 870 554 952; x_wconf 87' lang='lat' dir='ltr'><strong>corporis</strong></span> <span class='ocrx_word' id='word_1_41' title='bbox 575 868 753 946; x_wconf 85' lang='lat' dir='ltr'><strong>oscillantis,</strong></span> <span class='ocrx_word' id='word_1_42' title='bbox 779 889 883 955; x_wconf 88' lang='lat' dir='ltr'><strong>neque</strong></span> <span class='ocrx_word' id='word_1_43' title='bbox 904 869 943 932; x_wconf 82' lang='lat' dir='ltr'><strong>ab</strong></span> <span class='ocrx_word' id='word_1_44' title='bbox 964 870 1030 953; x_wconf 88' lang='lat' dir='ltr'><strong>ejus</strong></span> <span class='ocrx_word' id='word_1_45' title='bbox 1052 869 1209 933; x_wconf 78' lang='lat' dir='ltr'><strong>celeritate</strong></span> <span class='ocrx_word' id='word_1_46' title='bbox 1229 868 1378 953; x_wconf 90' lang='lat' dir='ltr'><strong>pendent,</strong></span> <span class='ocrx_word' id='word_1_47' title='bbox 1401 868 1449 932; x_wconf 91' lang='lat' dir='ltr'><strong>uti</strong></span> <span class='ocrx_word' id='word_1_48' title='bbox 1558 954 1560 961; x_wconf 28' lang='grc' dir='ltr'>Ι</span> 
     </span>
    </p>
   </div>
   <div class='ocr_carea' id='block_1_4' title="bbox 158 972 1447 2034">
    <p class='ocr_par' dir='ltr' id='par_1_4' title="bbox 158 972 1447 1382">
     <span class='ocr_line' id='line_1_6' title="bbox 159 972 1447 1061; baseline 0.003 -26"><span class='ocrx_word' id='word_1_49' title='bbox 159 972 195 1035; x_wconf 93' lang='lat' dir='ltr'><strong>id</strong></span> <span class='ocrx_word' id='word_1_50' title='bbox 215 996 274 1037; x_wconf 92' lang='lat' dir='ltr'><strong>usu</strong></span> <span class='ocrx_word' id='word_1_51' title='bbox 295 975 381 1037; x_wconf 83' lang='lat' dir='ltr'><strong>venit</strong></span> <span class='ocrx_word' id='word_1_52' title='bbox 399 976 433 1038; x_wconf 92' lang='lat' dir='ltr'><strong>in</strong></span> <span class='ocrx_word' id='word_1_53' title='bbox 454 976 600 1041; x_wconf 77' lang='lat' dir='ltr'><strong>omnibns</strong></span> <span class='ocrx_word' id='word_1_54' title='bbox 614 976 843 1041; x_wconf 85' lang='lat' dir='ltr'><strong>oscillationum</strong></span> <span class='ocrx_word' id='word_1_55' title='bbox 857 976 979 1040; x_wconf 80' lang='lat' dir='ltr'><strong>casibus</strong></span> <span class='ocrx_word' id='word_1_56' title='bbox 1000 976 1093 1041; x_wconf 83' lang='lat' dir='ltr'><strong>etiam</strong></span> <span class='ocrx_word' id='word_1_57' title='bbox 1107 998 1193 1040; x_wconf 88' lang='lat' dir='ltr'><strong>nunc</strong></span> <span class='ocrx_word' id='word_1_58' title='bbox 1208 976 1367 1061; x_wconf 83' lang='lat' dir='ltr'><strong>expositis,</strong></span> <span class='ocrx_word' id='word_1_59' title='bbox 1390 973 1447 1039; x_wconf 91' lang='lat' dir='ltr'><strong>sed</strong></span> 
     </span>
     <span class='ocr_line' id='line_1_7' title="bbox 160 1080 1447 1167; baseline 0.002 -24"><span class='ocrx_word' id='word_1_60' title='bbox 160 1102 208 1143; x_wconf 81' lang='lat' dir='ltr'><strong>eoe</strong></span> <span class='ocrx_word' id='word_1_61' title='bbox 220 1080 301 1144; x_wconf 80' lang='lat' dir='ltr'><strong>vires</strong></span> <span class='ocrx_word' id='word_1_62' title='bbox 323 1104 343 1145; x_wconf 87' lang='lat' dir='ltr'><strong>a</strong></span> <span class='ocrx_word' id='word_1_63' title='bbox 363 1082 425 1147; x_wconf 89' lang='lat' dir='ltr'><strong>situ</strong></span> <span class='ocrx_word' id='word_1_64' title='bbox 446 1082 644 1147; x_wconf 87' lang='lat' dir='ltr'><strong>luminarium</strong></span> <span class='ocrx_word' id='word_1_65' title='bbox 658 1094 801 1167; x_wconf 78' lang='lat' dir='ltr'><strong>respectu</strong></span> <span class='ocrx_word' id='word_1_66' title='bbox 816 1081 938 1159; x_wconf 82' lang='lat' dir='ltr'><strong>Terrae,</strong></span> <span class='ocrx_word' id='word_1_67' title='bbox 962 1081 1095 1167; x_wconf 74' lang='lat' dir='ltr'><strong>ideoque</strong></span> <span class='ocrx_word' id='word_1_68' title='bbox 1109 1105 1129 1145; x_wconf 91' lang='lat' dir='ltr'><strong>a</strong></span> <span class='ocrx_word' id='word_1_69' title='bbox 1144 1093 1285 1167; x_wconf 87' lang='lat' dir='ltr'><strong>tempore</strong></span> <span class='ocrx_word' id='word_1_70' title='bbox 1299 1082 1447 1147; x_wconf 91' lang='lat' dir='ltr'><strong>determi-</strong></span> 
     </span>
     <span class='ocr_line' id='line_1_8' title="bbox 158 1186 1442 1275; baseline -0.001 -23"><span class='ocrx_word' id='word_1_71' title='bbox 158 1202 284 1268; x_wconf 88' lang='lat' dir='ltr'><strong>nantur,</strong></span> <span class='ocrx_word' id='word_1_72' title='bbox 308 1191 479 1274; x_wconf 85' lang='lat' dir='ltr'><strong>cujusmodi</strong></span> <span class='ocrx_word' id='word_1_73' title='bbox 500 1191 707 1255; x_wconf 85' lang='lat' dir='ltr'><strong>oscillationes</strong></span> <span class='ocrx_word' id='word_1_74' title='bbox 728 1211 822 1254; x_wconf 85' lang='lat' dir='ltr'><strong>nemo</strong></span> <span class='ocrx_word' id='word_1_75' title='bbox 843 1189 956 1267; x_wconf 88' lang='lat' dir='ltr'><strong>adhuc,</strong></span> <span class='ocrx_word' id='word_1_76' title='bbox 980 1200 1131 1275; x_wconf 89' lang='lat' dir='ltr'><strong>quantum</strong></span> <span class='ocrx_word' id='word_1_77' title='bbox 1158 1186 1285 1274; x_wconf 91' lang='lat' dir='ltr'><strong>quidem</strong></span> <span class='ocrx_word' id='word_1_78' title='bbox 1310 1199 1442 1267; x_wconf 80' lang='lat' dir='ltr'><strong>constat,</strong></span> 
     </span>
     <span class='ocr_line' id='line_1_9' title="bbox 160 1298 443 1382; baseline 0.011 -22"><span class='ocrx_word' id='word_1_79' title='bbox 160 1298 281 1361; x_wconf 91' lang='lat' dir='ltr'><strong>calculo</strong></span> <span class='ocrx_word' id='word_1_80' title='bbox 302 1298 443 1382; x_wconf 82' lang='lat' dir='ltr'><strong>subjecit.</strong></span> 
     </span>
    </p>

    <p class='ocr_par' dir='ltr' id='par_1_5' title="bbox 158 1401 1447 2034">
     <span class='ocr_line' id='line_1_10' title="bbox 170 1401 1446 1492; baseline -0.005 -20"><span class='ocrx_word' id='word_1_81' title='bbox 170 1478 177 1491; x_wconf 54' lang='grc'>,</span> <span class='ocrx_word' id='word_1_82' title='bbox 203 1411 227 1488; x_wconf 67' lang='lat' dir='ltr'><strong>t.</strong></span> <span class='ocrx_word' id='word_1_83' title='bbox 244 1412 262 1472; x_wconf 84' lang='lat'><strong>7</strong></span> <span class='ocrx_word' id='word_1_84' title='bbox 265 1417 295 1471; x_wconf 83' lang='grc'><strong>5.</strong></span> <span class='ocrx_word' id='word_1_85' title='bbox 318 1404 416 1481; x_wconf 88' lang='lat' dir='ltr'><strong>Quod</strong></span> <span class='ocrx_word' id='word_1_86' title='bbox 430 1406 556 1492; x_wconf 87' lang='lat' dir='ltr'><strong>quidem</strong></span> <span class='ocrx_word' id='word_1_87' title='bbox 569 1406 611 1471; x_wconf 86' lang='lat' dir='ltr'><strong>ad</strong></span> <span class='ocrx_word' id='word_1_88' title='bbox 624 1407 762 1492; x_wconf 88' lang='lat' dir='ltr'><strong>priorem</strong></span> <span class='ocrx_word' id='word_1_89' title='bbox 777 1406 989 1472; x_wconf 89' lang='lat' dir='ltr'><strong>difficultatem</strong></span> <span class='ocrx_word' id='word_1_90' title='bbox 1003 1406 1165 1492; x_wconf 77' lang='lat' dir='ltr'><strong>physicam</strong></span> <span class='ocrx_word' id='word_1_91' title='bbox 1178 1406 1298 1483; x_wconf 77' lang='lat' dir='ltr'><strong>attinet,</strong></span> <span class='ocrx_word' id='word_1_92' title='bbox 1320 1426 1369 1469; x_wconf 90' lang='lat' dir='ltr'><strong>res</strong></span> <span class='ocrx_word' id='word_1_93' title='bbox 1383 1401 1446 1467; x_wconf 92' lang='lat' dir='ltr'><strong>hoc</strong></span> 
     </span>
     <span class='ocr_line' id='line_1_11' title="bbox 160 1510 1446 1600; baseline -0.002 -24"><span class='ocrx_word' id='word_1_94' title='bbox 160 1512 287 1598; x_wconf 88' lang='lat' dir='ltr'><strong>quidem</strong></span> <span class='ocrx_word' id='word_1_95' title='bbox 308 1525 449 1598; x_wconf 87' lang='lat' dir='ltr'><strong>tempore</strong></span> <span class='ocrx_word' id='word_1_96' title='bbox 465 1512 530 1577; x_wconf 76' lang='lat' dir='ltr'><strong>ferd</strong></span> <span class='ocrx_word' id='word_1_97' title='bbox 551 1512 715 1598; x_wconf 89' lang='lat' dir='ltr'><strong>desperata</strong></span> <span class='ocrx_word' id='word_1_98' title='bbox 729 1514 871 1589; x_wconf 82' lang='lat' dir='ltr'><strong>videtur3</strong></span> <span class='ocrx_word' id='word_1_99' title='bbox 894 1534 1082 1600; x_wconf 85' lang='lat' dir='ltr'><strong>quamquam</strong></span> <span class='ocrx_word' id='word_1_100' title='bbox 1096 1513 1179 1577; x_wconf 91' lang='lat' dir='ltr'><strong>enim</strong></span> <span class='ocrx_word' id='word_1_101' title='bbox 1193 1512 1234 1576; x_wconf 91' lang='lat' dir='ltr'><strong>ab</strong></span> <span class='ocrx_word' id='word_1_102' title='bbox 1248 1510 1352 1597; x_wconf 85' lang='lat' dir='ltr'><strong>aliquo</strong></span> <span class='ocrx_word' id='word_1_103' title='bbox 1367 1522 1446 1575; x_wconf 86' lang='lat' dir='ltr'><strong>tem·</strong></span> 
     </span>
     <span class='ocr_line' id='line_1_12' title="bbox 158 1603 1447 1710; baseline 0 -28"><span class='ocrx_word' id='word_1_104' title='bbox 158 1641 238 1704; x_wconf 88' lang='lat' dir='ltr'><strong>pore</strong></span> <span class='ocrx_word' id='word_1_105' title='bbox 259 1620 380 1685; x_wconf 88' lang='lat' dir='ltr'><strong>theoria</strong></span> <span class='ocrx_word' id='word_1_106' title='bbox 400 1619 503 1710; x_wconf 69' lang='lat' dir='ltr'><strong>motus</strong></span> <span class='ocrx_word' id='word_1_107' title='bbox 524 1642 675 1709; x_wconf 84' lang='lat' dir='ltr'><strong>aquarum</strong></span> <span class='ocrx_word' id='word_1_108' title='bbox 697 1603 836 1708; x_wconf 81' lang='lat' dir='ltr'><strong>ingentia</strong></span> <span class='ocrx_word' id='word_1_109' title='bbox 858 1621 897 1685; x_wconf 92' lang='lat' dir='ltr'><strong>sit</strong></span> <span class='ocrx_word' id='word_1_110' title='bbox 916 1631 1057 1683; x_wconf 85' lang='lat' dir='ltr'><strong>assecuta</strong></span> <span class='ocrx_word' id='word_1_111' title='bbox 1073 1620 1272 1695; x_wconf 86' lang='lat' dir='ltr'><strong>incrementa,</strong></span> <span class='ocrx_word' id='word_1_112' title='bbox 1288 1628 1394 1681; x_wconf 87' lang='lat' dir='ltr'><strong>tamen</strong></span> <span class='ocrx_word' id='word_1_113' title='bbox 1409 1640 1447 1682; x_wconf 86' lang='lat' dir='ltr'><strong>ea</strong></span> 
     </span>
     <span class='ocr_line' id='line_1_13' title="bbox 159 1725 1447 1813; baseline 0.001 -24"><span class='ocrx_word' id='word_1_114' title='bbox 159 1726 355 1813; x_wconf 89' lang='lat' dir='ltr'><strong>potissimum</strong></span> <span class='ocrx_word' id='word_1_115' title='bbox 370 1737 490 1790; x_wconf 90' lang='lat' dir='ltr'><strong>motum</strong></span> <span class='ocrx_word' id='word_1_116' title='bbox 504 1748 656 1812; x_wconf 85' lang='lat' dir='ltr'><strong>aquarum</strong></span> <span class='ocrx_word' id='word_1_117' title='bbox 676 1726 709 1790; x_wconf 91' lang='lat' dir='ltr'><strong>in</strong></span> <span class='ocrx_word' id='word_1_118' title='bbox 724 1727 805 1791; x_wconf 85' lang='lat' dir='ltr'><strong>vasis</strong></span> <span class='ocrx_word' id='word_1_119' title='bbox 820 1738 852 1791; x_wconf 91' lang='lat' dir='ltr'><strong>et</strong></span> <span class='ocrx_word' id='word_1_120' title='bbox 866 1726 948 1790; x_wconf 92' lang='lat' dir='ltr'><strong>tubis</strong></span> <span class='ocrx_word' id='word_1_121' title='bbox 962 1726 1126 1789; x_wconf 86' lang='lat' dir='ltr'><strong>fluentium</strong></span> <span class='ocrx_word' id='word_1_122' title='bbox 1139 1725 1319 1810; x_wconf 89' lang='lat' dir='ltr'><strong>respiciunt,</strong></span> <span class='ocrx_word' id='word_1_123' title='bbox 1343 1746 1447 1811; x_wconf 87' lang='lat' dir='ltr'><strong>neque</strong></span> 
     </span>
     <span class='ocr_line' id='line_1_14' title="bbox 159 1830 1446 1900; baseline -0.005 -1"><span class='ocrx_word' id='word_1_124' title='bbox 159 1837 215 1900; x_wconf 83' lang='lat' dir='ltr'><strong>vix</strong></span> <span class='ocrx_word' id='word_1_125' title='bbox 246 1836 345 1899; x_wconf 91' lang='lat' dir='ltr'><strong>ullum</strong></span> <span class='ocrx_word' id='word_1_126' title='bbox 377 1834 576 1899; x_wconf 89' lang='lat' dir='ltr'><strong>commodum</strong></span> <span class='ocrx_word' id='word_1_127' title='bbox 605 1836 678 1899; x_wconf 84' lang='lat' dir='ltr'><strong>inde</strong></span> <span class='ocrx_word' id='word_1_128' title='bbox 706 1833 747 1898; x_wconf 91' lang='lat' dir='ltr'><strong>ad</strong></span> <span class='ocrx_word' id='word_1_129' title='bbox 777 1846 897 1899; x_wconf 89' lang='lat' dir='ltr'><strong>motum</strong></span> <span class='ocrx_word' id='word_1_130' title='bbox 926 1834 1034 1897; x_wconf 87' lang='lat' dir='ltr'><strong>oceani</strong></span> <span class='ocrx_word' id='word_1_131' title='bbox 1068 1830 1282 1896; x_wconf 88' lang='lat' dir='ltr'><strong>definiendum</strong></span> <span class='ocrx_word' id='word_1_132' title='bbox 1311 1830 1446 1894; x_wconf 87' lang='lat' dir='ltr'><strong>derivari</strong></span> 
     </span>
     <span class='ocr_line' id='line_1_15' title="bbox 158 1942 1442 2034; baseline -0.004 -23"><span class='ocrx_word' id='word_1_133' title='bbox 158 1957 272 2031; x_wconf 83' lang='lat' dir='ltr'><strong>potest.</strong></span> <span class='ocrx_word' id='word_1_134' title='bbox 318 1944 534 2022; x_wconf 77' lang='lat' dir='ltr'><strong>Quamobrem</strong></span> <span class='ocrx_word' id='word_1_135' title='bbox 554 1946 588 2011; x_wconf 92' lang='lat' dir='ltr'><strong>in</strong></span> <span class='ocrx_word' id='word_1_136' title='bbox 609 1945 670 2009; x_wconf 91' lang='lat' dir='ltr'><strong>hoc</strong></span> <span class='ocrx_word' id='word_1_137' title='bbox 684 1947 813 2034; x_wconf 86' lang='lat' dir='ltr'><strong>negotio</strong></span> <span class='ocrx_word' id='word_1_138' title='bbox 827 1945 913 2011; x_wconf 91' lang='lat' dir='ltr'><strong>aliud</strong></span> <span class='ocrx_word' id='word_1_139' title='bbox 927 1945 1093 2031; x_wconf 84' lang='lat' dir='ltr'><strong>quicquam</strong></span> <span class='ocrx_word' id='word_1_140' title='bbox 1115 1956 1265 2029; x_wconf 73' lang='lat' dir='ltr'><strong>prestare</strong></span> <span class='ocrx_word' id='word_1_141' title='bbox 1278 1964 1342 2007; x_wconf 90' lang='lat' dir='ltr'><strong>non</strong></span> <span class='ocrx_word' id='word_1_142' title='bbox 1358 1942 1442 2020; x_wconf 89' lang='lat' dir='ltr'><strong>licet,</strong></span> 
     </span>
    </p>
   </div>
   <div class='ocr_carea' id='block_1_5' title="bbox 94 3188 1524 4565">
    <p class='ocr_par' dir='ltr' id='par_1_6' title="bbox 94 3188 1524 4565">
     <span class='ocr_line' id='line_1_16' title="bbox 159 3188 1443 3282; baseline 0.002 -30"><span class='ocrx_word' id='word_1_143' title='bbox 159 3190 221 3253; x_wconf 91' lang='lat' dir='ltr'><strong>nisi</strong></span> <span class='ocrx_word' id='word_1_144' title='bbox 242 3203 277 3255; x_wconf 91' lang='lat' dir='ltr'><strong>ut</strong></span> <span class='ocrx_word' id='word_1_145' title='bbox 297 3191 521 3278; x_wconf 82' lang='lat' dir='ltr'><strong>hypothesibus</strong></span> <span class='ocrx_word' id='word_1_146' title='bbox 542 3194 737 3282; x_wconf 81' lang='lat' dir='ltr'><strong>effingendis,</strong></span> <span class='ocrx_word' id='word_1_147' title='bbox 760 3215 831 3281; x_wconf 80' lang='lat' dir='ltr'><strong>quae</strong></span> <span class='ocrx_word' id='word_1_148' title='bbox 851 3217 871 3258; x_wconf 89' lang='lat' dir='ltr'><strong>a</strong></span> <span class='ocrx_word' id='word_1_149' title='bbox 887 3192 1015 3258; x_wconf 87' lang='lat' dir='ltr'><strong>veritate</strong></span> <span class='ocrx_word' id='word_1_150' title='bbox 1030 3190 1125 3278; x_wconf 67' lang='lat' dir='ltr'><strong>quim</strong></span> <span class='ocrx_word' id='word_1_151' title='bbox 1138 3188 1266 3256; x_wconf 73' lang='lat' dir='ltr'><strong>minime</strong></span> <span class='ocrx_word' id='word_1_152' title='bbox 1282 3190 1443 3268; x_wconf 81' lang='lat' dir='ltr'><strong>abludunt,</strong></span> 
     </span>
     <span class='ocr_line' id='line_1_17' title="bbox 160 3304 1443 3392; baseline 0 -29"><span class='ocrx_word' id='word_1_153' title='bbox 160 3312 227 3364; x_wconf 87' lang='lat' dir='ltr'><strong>tota</strong></span> <span class='ocrx_word' id='word_1_154' title='bbox 240 3304 371 3387; x_wconf 83' lang='lat' dir='ltr'><strong>quaestio</strong></span> <span class='ocrx_word' id='word_1_155' title='bbox 385 3304 425 3368; x_wconf 87' lang='lat' dir='ltr'><strong>ad</strong></span> <span class='ocrx_word' id='word_1_156' title='bbox 441 3304 700 3369; x_wconf 84' lang='lat' dir='ltr'><strong>considerationes</strong></span> <span class='ocrx_word' id='word_1_157' title='bbox 717 3304 796 3389; x_wconf 73' lang='lat' dir='ltr'><strong>pure</strong></span> <span class='ocrx_word' id='word_1_158' title='bbox 814 3305 1018 3392; x_wconf 82' lang='lat' dir='ltr'><strong>geometricas</strong></span> <span class='ocrx_word' id='word_1_159' title='bbox 1032 3316 1065 3368; x_wconf 91' lang='lat' dir='ltr'><strong>et</strong></span> <span class='ocrx_word' id='word_1_160' title='bbox 1079 3304 1246 3389; x_wconf 81' lang='lat' dir='ltr'><strong>analyticas</strong></span> <span class='ocrx_word' id='word_1_161' title='bbox 1260 3312 1443 3365; x_wconf 86' lang='lat' dir='ltr'><strong>revocetur:</strong></span> 
     </span>
     <span class='ocr_line' id='line_1_18' title="bbox 160 3408 1450 3495; baseline 0.001 -26"><span class='ocrx_word' id='word_1_162' title='bbox 160 3408 290 3473; x_wconf 82' lang='lat' dir='ltr'><strong>alteram</strong></span> <span class='ocrx_word' id='word_1_163' title='bbox 315 3422 418 3474; x_wconf 89' lang='lat' dir='ltr'><strong>autem</strong></span> <span class='ocrx_word' id='word_1_164' title='bbox 441 3410 653 3481; x_wconf 84' lang='lat' dir='ltr'><strong>difficultatem</strong></span> <span class='ocrx_word' id='word_1_165' title='bbox 674 3412 935 3490; x_wconf 80' lang='lat' dir='ltr'><strong>mathematicam,</strong></span> <span class='ocrx_word' id='word_1_166' title='bbox 959 3412 1079 3477; x_wconf 86' lang='lat' dir='ltr'><strong>etiamsi</strong></span> <span class='ocrx_word' id='word_1_167' title='bbox 1101 3410 1290 3474; x_wconf 86' lang='lat' dir='ltr'><strong>difficillimis</strong></span> <span class='ocrx_word' id='word_1_168' title='bbox 1308 3410 1450 3495; x_wconf 87' lang='lat' dir='ltr'><strong>integra·</strong></span> 
     </span>
     <span class='ocr_line' id='line_1_19' title="bbox 159 3514 1450 3602; baseline 0.002 -25"><span class='ocrx_word' id='word_1_169' title='bbox 159 3514 299 3578; x_wconf 86' lang='lat' dir='ltr'><strong>tionibus</strong></span> <span class='ocrx_word' id='word_1_170' title='bbox 324 3516 364 3579; x_wconf 91' lang='lat' dir='ltr'><strong>sit</strong></span> <span class='ocrx_word' id='word_1_171' title='bbox 387 3518 535 3594; x_wconf 83' lang='lat' dir='ltr'><strong>involuta,</strong></span> <span class='ocrx_word' id='word_1_172' title='bbox 559 3530 663 3581; x_wconf 85' lang='lat' dir='ltr'><strong>tamen</strong></span> <span class='ocrx_word' id='word_1_173' title='bbox 687 3516 818 3582; x_wconf 87' lang='lat' dir='ltr'><strong>feliciter</strong></span> <span class='ocrx_word' id='word_1_174' title='bbox 842 3540 992 3602; x_wconf 89' lang='lat' dir='ltr'><strong>superare</strong></span> <span class='ocrx_word' id='word_1_175' title='bbox 1016 3516 1214 3582; x_wconf 86' lang='lat' dir='ltr'><strong>confidimus.</strong></span> <span class='ocrx_word' id='word_1_176' title='bbox 1272 3515 1450 3580; x_wconf 89' lang='lat' dir='ltr'><strong>Considero</strong></span> 
     </span>
     <span class='ocr_line' id='line_1_20' title="bbox 161 3620 1524 3711; baseline 0.001 -28"><span class='ocrx_word' id='word_1_177' title='bbox 161 3620 278 3686; x_wconf 85' lang='lat' dir='ltr'><strong>scilieet</strong></span> <span class='ocrx_word' id='word_1_178' title='bbox 299 3622 494 3708; x_wconf 88' lang='lat' dir='ltr'><strong>superficiem</strong></span> <span class='ocrx_word' id='word_1_179' title='bbox 515 3646 605 3709; x_wconf 86' lang='lat' dir='ltr'><strong>aquae</strong></span> <span class='ocrx_word' id='word_1_180' title='bbox 629 3624 660 3689; x_wconf 82' lang='lat' dir='ltr'><strong>R</strong></span> <span class='ocrx_word' id='word_1_181' title='bbox 677 3626 709 3702; x_wconf 87' lang='lat' dir='ltr'><strong>S,</strong></span> <span class='ocrx_word' id='word_1_182' title='bbox 733 3646 804 3711; x_wconf 81' lang='lat' dir='ltr'><strong>quae</strong></span> <span class='ocrx_word' id='word_1_183' title='bbox 823 3625 885 3688; x_wconf 92' lang='lat' dir='ltr'><strong>hoc</strong></span> <span class='ocrx_word' id='word_1_184' title='bbox 904 3625 937 3687; x_wconf 94' lang='lat' dir='ltr'><strong>in</strong></span> <span class='ocrx_word' id='word_1_185' title='bbox 957 3624 1019 3688; x_wconf 90' lang='lat' dir='ltr'><strong>situ</strong></span> <span class='ocrx_word' id='word_1_186' title='bbox 1032 3622 1240 3710; x_wconf 79' lang='lat' dir='ltr'><strong>aequilibrium</strong></span> <span class='ocrx_word' id='word_1_187' title='bbox 1254 3632 1359 3685; x_wconf 87' lang='lat' dir='ltr'><strong>teneat</strong></span> <span class='ocrx_word' id='word_1_188' title='bbox 1374 3642 1449 3686; x_wconf 91' lang='lat' dir='ltr'><strong>cum</strong></span> <span class='ocrx_word' id='word_1_189' title='bbox 1515 3621 1524 3641; x_wconf 81' lang='lat'>⁸</span> 
     </span>
     <span class='ocr_line' id='line_1_21' title="bbox 161 3725 1449 3814; baseline 0.002 -25"><span class='ocrx_word' id='word_1_190' title='bbox 161 3725 282 3812; x_wconf 87' lang='lat' dir='ltr'><strong>reliqua</strong></span> <span class='ocrx_word' id='word_1_191' title='bbox 306 3752 396 3814; x_wconf 85' lang='lat' dir='ltr'><strong>aqua,</strong></span> <span class='ocrx_word' id='word_1_192' title='bbox 422 3731 549 3794; x_wconf 87' lang='lat' dir='ltr'><strong>remotis</strong></span> <span class='ocrx_word' id='word_1_193' title='bbox 573 3730 691 3795; x_wconf 83' lang='lat' dir='ltr'><strong>viribus</strong></span> <span class='ocrx_word' id='word_1_194' title='bbox 716 3732 871 3809; x_wconf 80' lang='lat' dir='ltr'><strong>externis3</strong></span> <span class='ocrx_word' id='word_1_195' title='bbox 902 3731 952 3795; x_wconf 91' lang='lat' dir='ltr'><strong>his</strong></span> <span class='ocrx_word' id='word_1_196' title='bbox 976 3730 1052 3795; x_wconf 79' lang='lat' dir='ltr'><strong>verb</strong></span> <span class='ocrx_word' id='word_1_197' title='bbox 1074 3730 1292 3796; x_wconf 87' lang='lat' dir='ltr'><strong>accedentibus</strong></span> <span class='ocrx_word' id='word_1_198' title='bbox 1319 3728 1449 3794; x_wconf 85' lang='lat' dir='ltr'><strong>alternis</strong></span> 
     </span>
     <span class='ocr_line' id='line_1_22' title="bbox 162 3834 1448 3925; baseline 0.003 -29"><span class='ocrx_word' id='word_1_199' title='bbox 162 3834 281 3899; x_wconf 85' lang='lat' dir='ltr'><strong>vicibus</strong></span> <span class='ocrx_word' id='word_1_200' title='bbox 295 3837 453 3901; x_wconf 83' lang='lat' dir='ltr'><strong>attollatur</strong></span> <span class='ocrx_word' id='word_1_201' title='bbox 466 3839 499 3900; x_wconf 91' lang='lat' dir='ltr'><strong>in</strong></span> <span class='ocrx_word' id='word_1_202' title='bbox 520 3840 561 3916; x_wconf 83' lang='lat' dir='ltr'><strong>A,</strong></span> <span class='ocrx_word' id='word_1_203' title='bbox 585 3838 837 3925; x_wconf 84' lang='lat' dir='ltr'><strong>deprimatrnque</strong></span> <span class='ocrx_word' id='word_1_204' title='bbox 858 3838 891 3901; x_wconf 92' lang='lat' dir='ltr'><strong>in</strong></span> <span class='ocrx_word' id='word_1_205' title='bbox 914 3838 953 3902; x_wconf 88' lang='lat' dir='ltr'><strong>B.</strong></span> <span class='ocrx_word' id='word_1_206' title='bbox 999 3838 1096 3917; x_wconf 67' lang='lat' dir='ltr'><strong>Quod</strong></span> <span class='ocrx_word' id='word_1_207' title='bbox 1110 3840 1136 3902; x_wconf 87' lang='lat' dir='ltr'><strong>si</strong></span> <span class='ocrx_word' id='word_1_208' title='bbox 1150 3838 1246 3925; x_wconf 85' lang='lat' dir='ltr'><strong>igitur</strong></span> <span class='ocrx_word' id='word_1_209' title='bbox 1261 3859 1342 3922; x_wconf 87' lang='lat' dir='ltr'><strong>aqua</strong></span> <span class='ocrx_word' id='word_1_210' title='bbox 1357 3836 1390 3898; x_wconf 91' lang='lat' dir='ltr'><strong>in</strong></span> <span class='ocrx_word' id='word_1_211' title='bbox 1407 3834 1448 3900; x_wconf 92' lang='lat' dir='ltr'><strong>M</strong></span> 
     </span>
     <span class='ocr_line' id='line_1_23' title="bbox 163 3942 1448 4036; baseline -0.002 -29"><span class='ocrx_word' id='word_1_212' title='bbox 163 3966 263 4029; x_wconf 92' lang='lat' dir='ltr'><strong>usque</strong></span> <span class='ocrx_word' id='word_1_213' title='bbox 284 3946 324 4009; x_wconf 92' lang='lat' dir='ltr'><strong>sit</strong></span> <span class='ocrx_word' id='word_1_214' title='bbox 344 3944 500 4029; x_wconf 85' lang='lat' dir='ltr'><strong>depressa,</strong></span> <span class='ocrx_word' id='word_1_215' title='bbox 522 3959 615 4031; x_wconf 82' lang='lat' dir='ltr'><strong>atque</strong></span> <span class='ocrx_word' id='word_1_216' title='bbox 637 3960 775 4010; x_wconf 76' lang='lat' dir='ltr'><strong>externae</strong></span> <span class='ocrx_word' id='word_1_217' title='bbox 795 3947 875 4009; x_wconf 83' lang='lat' dir='ltr'><strong>vires</strong></span> <span class='ocrx_word' id='word_1_218' title='bbox 897 3944 979 4011; x_wconf 87' lang='lat' dir='ltr'><strong>Solis</strong></span> <span class='ocrx_word' id='word_1_219' title='bbox 994 3968 1031 4009; x_wconf 89' lang='lat' dir='ltr'><strong>ac</strong></span> <span class='ocrx_word' id='word_1_220' title='bbox 1047 3945 1148 4010; x_wconf 80' lang='lat' dir='ltr'><strong>Lunoe</strong></span> <span class='ocrx_word' id='word_1_221' title='bbox 1163 3942 1265 4036; x_wconf 77' lang='lat' dir='ltr'><strong>subitb</strong></span> <span class='ocrx_word' id='word_1_222' title='bbox 1281 3954 1448 4020; x_wconf 86' lang='lat' dir='ltr'><strong>cessarent,</strong></span> 
     </span>
     <span class='ocr_line' id='line_1_24' title="bbox 163 4049 1448 4137; baseline 0.002 -24"><span class='ocrx_word' id='word_1_223' title='bbox 163 4061 231 4113; x_wconf 88' lang='lat' dir='ltr'><strong>tum</strong></span> <span class='ocrx_word' id='word_1_224' title='bbox 254 4051 285 4113; x_wconf 89' lang='lat' dir='ltr'><strong>vi</strong></span> <span class='ocrx_word' id='word_1_225' title='bbox 309 4054 467 4137; x_wconf 81' lang='lat' dir='ltr'><strong>gravitatis</strong></span> <span class='ocrx_word' id='word_1_226' title='bbox 490 4052 627 4136; x_wconf 87' lang='lat' dir='ltr'><strong>propriae</strong></span> <span class='ocrx_word' id='word_1_227' title='bbox 650 4064 815 4117; x_wconf 85' lang='lat' dir='ltr'><strong>conaretur</strong></span> <span class='ocrx_word' id='word_1_228' title='bbox 839 4074 906 4115; x_wconf 87' lang='lat' dir='ltr'><strong>sese</strong></span> <span class='ocrx_word' id='word_1_229' title='bbox 931 4052 1051 4117; x_wconf 84' lang='lat' dir='ltr'><strong>elevare</strong></span> <span class='ocrx_word' id='word_1_230' title='bbox 1074 4072 1172 4134; x_wconf 89' lang='lat' dir='ltr'><strong>usque</strong></span> <span class='ocrx_word' id='word_1_231' title='bbox 1195 4050 1228 4113; x_wconf 91' lang='lat' dir='ltr'><strong>in</strong></span> <span class='ocrx_word' id='word_1_232' title='bbox 1252 4049 1345 4112; x_wconf 87' lang='lat' dir='ltr'><strong>situm</strong></span> <span class='ocrx_word' id='word_1_233' title='bbox 1368 4049 1400 4115; x_wconf 91' lang='lat' dir='ltr'><strong>R</strong></span> <span class='ocrx_word' id='word_1_234' title='bbox 1424 4050 1448 4116; x_wconf 92' lang='lat' dir='ltr'>S</span> 
     </span>
     <span class='ocr_line' id='line_1_25' title="bbox 162 4150 1449 4244; baseline 0.003 -25"><span class='ocrx_word' id='word_1_235' title='bbox 162 4157 348 4233; x_wconf 86' lang='lat' dir='ltr'><strong>naturalem,</strong></span> <span class='ocrx_word' id='word_1_236' title='bbox 371 4158 490 4243; x_wconf 85' lang='lat' dir='ltr'><strong>isteque</strong></span> <span class='ocrx_word' id='word_1_237' title='bbox 504 4174 633 4223; x_wconf 89' lang='lat' dir='ltr'><strong>conatus</strong></span> <span class='ocrx_word' id='word_1_238' title='bbox 648 4156 686 4221; x_wconf 87' lang='lat' dir='ltr'><strong>eb</strong></span> <span class='ocrx_word' id='word_1_239' title='bbox 701 4160 760 4223; x_wconf 90' lang='lat' dir='ltr'><strong>erit</strong></span> <span class='ocrx_word' id='word_1_240' title='bbox 774 4160 884 4243; x_wconf 90' lang='lat' dir='ltr'><strong>major,</strong></span> <span class='ocrx_word' id='word_1_241' title='bbox 907 4156 970 4243; x_wconf 84' lang='lat' dir='ltr'><strong>qub</strong></span> <span class='ocrx_word' id='word_1_242' title='bbox 983 4160 1083 4244; x_wconf 89' lang='lat' dir='ltr'><strong>majus</strong></span> <span class='ocrx_word' id='word_1_243' title='bbox 1099 4156 1191 4221; x_wconf 85' lang='lat' dir='ltr'><strong>fuerit</strong></span> <span class='ocrx_word' id='word_1_244' title='bbox 1206 4150 1341 4241; x_wconf 85' lang='lat' dir='ltr'><strong>spatium</strong></span> <span class='ocrx_word' id='word_1_245' title='bbox 1363 4156 1391 4220; x_wconf 87' lang='lat' dir='ltr'>C</span> <span class='ocrx_word' id='word_1_246' title='bbox 1409 4156 1449 4223; x_wconf 91' lang='lat' dir='ltr'>M</span> 
     </span>
     <span class='ocr_line' id='line_1_26' title="bbox 165 4260 1451 4349; baseline -0.002 -22"><span class='ocrx_word' id='word_1_247' title='bbox 165 4284 230 4349; x_wconf 81' lang='lat' dir='ltr'><strong>qao</strong></span> <span class='ocrx_word' id='word_1_248' title='bbox 250 4287 270 4327; x_wconf 88' lang='lat' dir='ltr'><strong>a</strong></span> <span class='ocrx_word' id='word_1_249' title='bbox 290 4266 352 4328; x_wconf 84' lang='lat' dir='ltr'><strong>situ</strong></span> <span class='ocrx_word' id='word_1_250' title='bbox 372 4263 505 4327; x_wconf 87' lang='lat' dir='ltr'><strong>naturali</strong></span> <span class='ocrx_word' id='word_1_251' title='bbox 527 4264 629 4328; x_wconf 82' lang='lat' dir='ltr'><strong>distat.</strong></span> <span class='ocrx_word' id='word_1_252' title='bbox 673 4264 705 4329; x_wconf 78' lang='lat' dir='ltr'>A</span> <span class='ocrx_word' id='word_1_253' title='bbox 719 4265 849 4329; x_wconf 77' lang='lat' dir='ltr'><strong>veritate</strong></span> <span class='ocrx_word' id='word_1_254' title='bbox 862 4264 966 4349; x_wconf 87' lang='lat' dir='ltr'><strong>itaque</strong></span> <span class='ocrx_word' id='word_1_255' title='bbox 980 4285 1044 4327; x_wconf 91' lang='lat' dir='ltr'><strong>non</strong></span> <span class='ocrx_word' id='word_1_256' title='bbox 1059 4263 1193 4328; x_wconf 79' lang='lat' dir='ltr'><strong>mtdtum</strong></span> <span class='ocrx_word' id='word_1_257' title='bbox 1207 4260 1400 4339; x_wconf 86' lang='lat' dir='ltr'><strong>recedemus,</strong></span> <span class='ocrx_word' id='word_1_258' title='bbox 1424 4264 1451 4325; x_wconf 91' lang='lat' dir='ltr'><strong>si</strong></span> 
     </span>
     <span class='ocr_line' id='line_1_27' title="bbox 165 4368 1454 4455; baseline -0.002 -22"><span class='ocrx_word' id='word_1_259' title='bbox 165 4368 249 4433; x_wconf 87' lang='lat' dir='ltr'><strong>hanc</strong></span> <span class='ocrx_word' id='word_1_260' title='bbox 262 4369 326 4431; x_wconf 86' lang='lat' dir='ltr'><strong>vim</strong></span> <span class='ocrx_word' id='word_1_261' title='bbox 345 4370 406 4453; x_wconf 89' lang='lat' dir='ltr'><strong>ipsi</strong></span> <span class='ocrx_word' id='word_1_262' title='bbox 426 4370 527 4453; x_wconf 86' lang='lat' dir='ltr'><strong>spatio</strong></span> <span class='ocrx_word' id='word_1_263' title='bbox 550 4370 634 4435; x_wconf 84' lang='lat' dir='ltr'><strong>MC</strong></span> <span class='ocrx_word' id='word_1_264' title='bbox 655 4391 809 4454; x_wconf 88' lang='lat' dir='ltr'><strong>ponamus</strong></span> <span class='ocrx_word' id='word_1_265' title='bbox 822 4369 1107 4455; x_wconf 83' lang='lat' dir='ltr'><strong>proportionalem:</strong></span> <span class='ocrx_word' id='word_1_266' title='bbox 1131 4369 1335 4455; x_wconf 85' lang='lat' dir='ltr'><strong>quamobrem</strong></span> <span class='ocrx_word' id='word_1_267' title='bbox 1349 4369 1454 4453; x_wconf 92' lang='lat' dir='ltr'><strong>posito</strong></span> 
     </span>
     <span class='ocr_line' id='line_1_28' title="bbox 94 4475 1456 4565; baseline -0.001 -24"><span class='ocrx_word' id='word_1_268' title='bbox 94 4525 98 4531; x_wconf 78' lang='lat'>·</span> <span class='ocrx_word' id='word_1_269' title='bbox 166 4479 268 4563; x_wconf 86' lang='lat' dir='ltr'><strong>spatio</strong></span> <span class='ocrx_word' id='word_1_270' title='bbox 291 4478 331 4542; x_wconf 92' lang='lat' dir='ltr'>M</span> <span class='ocrx_word' id='word_1_271' title='bbox 348 4479 424 4542; x_wconf 91' lang='lat' dir='ltr'><strong>C=</strong></span> <span class='ocrx_word' id='word_1_272' title='bbox 440 4502 454 4542; x_wconf 95' lang='lat' dir='ltr'><strong>s</strong></span> <span class='ocrx_word' id='word_1_273' title='bbox 476 4479 536 4543; x_wconf 93' lang='lat' dir='ltr'><strong>erit</strong></span> <span class='ocrx_word' id='word_1_274' title='bbox 554 4480 609 4555; x_wconf 85' lang='lat' dir='ltr'><strong>ris,</strong></span> <span class='ocrx_word' id='word_1_275' title='bbox 632 4499 702 4563; x_wconf 84' lang='lat' dir='ltr'><strong>quae</strong></span> <span class='ocrx_word' id='word_1_276' title='bbox 724 4501 813 4565; x_wconf 87' lang='lat' dir='ltr'><strong>aqnae</strong></span> <span class='ocrx_word' id='word_1_277' title='bbox 835 4478 1034 4563; x_wconf 86' lang='lat' dir='ltr'><strong>superficiem</strong></span> <span class='ocrx_word' id='word_1_278' title='bbox 1055 4478 1089 4540; x_wconf 90' lang='lat' dir='ltr'><strong>in</strong></span> <span class='ocrx_word' id='word_1_279' title='bbox 1110 4475 1150 4541; x_wconf 91' lang='lat' dir='ltr'>M</span> <span class='ocrx_word' id='word_1_280' title='bbox 1164 4500 1263 4563; x_wconf 90' lang='lat' dir='ltr'><strong>usque</strong></span> <span class='ocrx_word' id='word_1_281' title='bbox 1278 4477 1456 4564; x_wconf 87' lang='lat' dir='ltr'><strong>depressam</strong></span> 
     </span>
    </p>
   </div>
   <div class='ocr_carea' id='block_1_6' title="bbox 165 4611 1457 4771">
    <p class='ocr_par' dir='ltr' id='par_1_7' title="bbox 165 4611 1457 4771">
     <span class='ocr_line' id='line_1_29' title="bbox 165 4611 1457 4771; baseline -0.002 -79"><span class='ocrx_word' id='word_1_282' title='bbox 165 4626 287 4692; x_wconf 89' lang='lat' dir='ltr'><strong>attollet</strong></span> <span class='ocrx_word' id='word_1_283' title='bbox 300 4654 335 4680; x_wconf 92' lang='lat'>=</span> <span class='ocrx_word' id='word_1_284' title='bbox 348 4611 398 4771; x_wconf 59' lang='grc' dir='ltr'><strong>ἐ,</strong></span> <span class='ocrx_word' id='word_1_285' title='bbox 414 4648 486 4711; x_wconf 85' lang='lat' dir='ltr'><strong>quae</strong></span> <span class='ocrx_word' id='word_1_286' title='bbox 500 4624 681 4712; x_wconf 83' lang='lat' dir='ltr'><strong>hypothesis</strong></span> <span class='ocrx_word' id='word_1_287' title='bbox 691 4628 731 4691; x_wconf 90' lang='lat' dir='ltr'><strong>ad</strong></span> <span class='ocrx_word' id='word_1_288' title='bbox 741 4627 902 4692; x_wconf 88' lang='lat' dir='ltr'><strong>veritatem</strong></span> <span class='ocrx_word' id='word_1_289' title='bbox 917 4626 955 4691; x_wconf 86' lang='lat' dir='ltr'><strong>eb</strong></span> <span class='ocrx_word' id='word_1_290' title='bbox 969 4625 1099 4715; x_wconf 78' lang='lat' dir='ltr'><strong>propitia</strong></span> <span class='ocrx_word' id='word_1_291' title='bbox 1110 4628 1239 4707; x_wconf 83' lang='lat' dir='ltr'><strong>accedit,</strong></span> <span class='ocrx_word' id='word_1_292' title='bbox 1251 4622 1336 4715; x_wconf 74' lang='lat' dir='ltr'><strong>quod</strong></span> <span class='ocrx_word' id='word_1_293' title='bbox 1347 4634 1457 4711; x_wconf 80' lang='lat' dir='ltr'><strong>sponte</strong></span> 
     </span>
    </p>
   </div>
   <div class='ocr_carea' id='block_1_7' title="bbox 0 0 1697 5459">
    <p class='ocr_par' dir='ltr' id='par_1_8' title="bbox 0 0 1697 5459">
     <span class='ocr_line' id='line_1_30' title="bbox 0 0 1697 5459; baseline 0 0"><span class='ocrx_word' id='word_1_294' title='bbox 0 0 1697 5459; x_wconf 95' lang='lat' dir='ltr'><strong> </strong></span> 
     </span>
    </p>
   </div>
  </div>
 </body>
</html>
