3384 5459
239 418 302 476 882
489 410 755 489 INQUlSlTIO
779 410 984 477 PHYSICA
1008 410 1059 475 IN
1082 408 1279 477 CAUSAM

234 598 355 662 aestum,
371 606 504 670 quorum
517 586 606 663 alter,
622 588 677 672 qui
690 587 818 673 quidem
831 585 925 675 longe
940 596 988 651 est
1002 585 1114 663 minor,
1129 607 1187 669 per
1203 586 1332 648 Fretum
1352 583 1520 663 Gallicum,

233 694 312 757 alter
334 693 417 757 circa
440 694 576 759 Scotiam
598 694 764 759 advehitur
785 717 826 759 ex
846 695 958 759 ecdem
975 695 1105 759 Oceano
1120 694 1297 761 Atlantico:
1327 694 1371 758 ita
1392 707 1522 779 propter

233 797 422 883 singularem
447 798 589 863 littorum
613 801 821 887 quorumdam
846 802 941 875 situm
965 801 1120 865 mirabilia
1147 800 1356 885 phaenomena
1384 802 1417 864 in
1442 814 1521 865 aestu

231 906 326 969 maris
341 907 465 970 evenire
477 920 620 993 possunt.
659 908 796 983 Quodsi
812 910 897 973 enim
911 910 997 973 littus
1013 908 1182 995 quodpiam
1198 910 1241 972 ita
1251 906 1344 973 fuerit
1359 931 1521 994 compara·

232 1026 308 1089 tum,
324 1023 362 1075 ut
374 1023 468 1077 aestus
483 1013 517 1077 in
530 1014 565 1078 id
578 1012 698 1098 duplici
710 1016 761 1079 vit
776 1015 826 1079 vel
841 1038 882 1081 ex
897 1014 1007 1081 eodem
1023 1037 1150 1093 oceano,
1170 1015 1219 1080 vel
1234 1038 1274 1079 ex
1289 1015 1419 1079 diversis
1434 1038 1520 1079 corn-

229 1122 416 1200 municetur,
439 1124 560 1189 ratione
582 1125 741 1209 temporis,
764 1148 828 1212 quo
841 1126 907 1190 bini
928 1127 979 1191 isti
994 1138 1087 1189 aestus
1103 1125 1281 1202 adveniunt,
1305 1125 1441 1213 insignes
1455 1126 1519 1189 dis-

228 1230 397 1315 crepantiae
411 1232 487 1294 oriri
500 1244 659 1316 poterunt.
704 1233 788 1297 Nam
803 1235 829 1297 si
843 1256 901 1318 per
915 1246 1079 1319 utramque
1093 1233 1175 1311 uiam
1189 1232 1293 1297 fluxus
1315 1232 1426 1297 eodem
1440 1244 1519 1298 tern-

227 1362 306 1425 pore
320 1340 502 1420 advehatur,
520 1353 614 1428 atque
628 1342 709 1407 adeo
730 1343 824 1407 simul
842 1344 981 1407 refluxus
995 1354 1179 1429 congruant,
1198 1354 1292 1405 aestus
1304 1342 1406 1405 multo
1422 1344 1518 1427 majo-

226 1472 277 1513 res
300 1451 434 1517 existere
458 1450 627 1517 debebunt.
675 1452 731 1517 sin
754 1465 859 1517 autem
884 1474 923 1515 eo
937 1463 1089 1536 tempore,
1115 1473 1179 1537 quo
1202 1472 1260 1535 per
1285 1450 1413 1515 alteram
1435 1451 1518 1515 viam

225 1559 330 1623 fluxus
344 1558 479 1636 advenit,
502 1581 542 1624 ex
557 1560 654 1624 altera
669 1560 719 1624 riri
731 1560 873 1625 refluxus
887 1558 1014 1635 incidat,
1038 1571 1104 1621 tum
1122 1569 1215 1621 aestus
1234 1558 1363 1621 omniuo
1379 1557 1518 1621 destrue-

226 1675 278 1727 tur
299 1666 327 1727 si
347 1665 476 1751 quidem
495 1687 553 1749 per
574 1678 740 1751 utramque
760 1667 843 1731 viam
860 1688 941 1751 aqua
955 1642 1115 1751 oequaliler
1129 1664 1178 1727 vel
1200 1662 1307 1728 affluat
1320 1663 1370 1727 vel
1392 1664 1516 1729 defluat.

225 1771 280 1834 Ad
301 1770 363 1834 hoc
383 1769 458 1834 verb
471 1792 537 1835 non
552 1771 665 1837 sufficit
677 1773 780 1836 ambre
792 1772 852 1837 viae
867 1772 929 1835 sint
944 1771 1088 1857 aequales,
1112 1770 1276 1835 sedetiam
1291 1770 1461 1855 requiritur
1482 1784 1518 1833 ut

224 1880 292 1944 bini
305 1894 400 1945 cestus
415 1884 580 1946 successivi
595 1884 657 1946 sint
671 1882 817 1968 oequales,
832 1881 866 1947 id
881 1882 966 1967 quod
981 1882 1084 1946 evenit
1098 1881 1124 1943 si
1147 1880 1241 1945 Luna
1254 1878 1304 1943 vel
1323 1901 1389 1943 non
1403 1879 1518 1945 habeat

224 1989 474 2067 declinationem,
497 1989 548 2053 vel
568 1990 655 2053 littus
671 1990 706 2053 in
720 2002 879 2075 oequatore
894 1988 988 2053 luerit
1001 1986 1147 2072 positum.
1193 1986 1289 2063 Quod
1305 1986 1331 2049 si
1346 1999 1449 2049 autem
1466 1986 1518 2050 eri-

223 2098 298 2161 dem
312 2097 432 2181 duplici
460 2099 742 2163 communicatione
772 2099 886 2183 posita,
917 2110 982 2163 tam
1007 2099 1102 2163 Luna
1125 2097 1240 2161 habeat
1265 2096 1516 2171 declinationem,

223 2205 318 2292 quam
342 2208 430 2270 littus
454 2208 632 2271 notabiliter
657 2209 699 2272 ab
725 2219 884 2293 oequatore
906 2208 946 2271 sit
967 2219 1097 2285 motum,
1120 2220 1189 2272 tum
1211 2207 1252 2269 ob
1274 2205 1519 2291 inaequalitatem

224 2313 372 2377 binorum
394 2326 528 2377 oestuum
543 2337 610 2378 sese
624 2316 864 2401 insequentium,
888 2316 994 2379 fluxus
1009 2317 1142 2401 majores
1158 2337 1198 2379 ex
1213 2314 1309 2381 altera
1325 2315 1375 2377 viri
1391 2314 1519 2379 adveni-

223 2433 320 2498 entes,
349 2422 541 2505 superabunt
563 2422 702 2486 refluxus
727 2422 866 2485 minores
891 2422 1003 2487 eodem
1029 2436 1170 2507 tempore
1194 2444 1252 2506 per
1277 2420 1409 2485 alteram
1435 2422 1517 2485 viam

221 2528 331 2608 factos,
347 2541 442 2615 atque
458 2529 519 2594 boc
533 2530 630 2594 modo
647 2532 680 2596 in
694 2531 748 2595 tali
770 2532 874 2596 littore
890 2531 1020 2619 singulis
1037 2532 1147 2595 diebus
1162 2554 1227 2595 non
1241 2532 1308 2595 bini
1322 2532 1437 2609 fluxus,
1462 2530 1515 2595 scd

223 2663 306 2705 unus
328 2653 451 2705 tantum
472 2641 612 2718 accidet3
637 2641 783 2727 hancque
803 2644 957 2707 rationem
978 2643 1092 2731 allegat
1115 2644 1286 2707 Newtouus
1313 2640 1409 2706 aestirs
1433 2641 1516 2707 illius

225 2752 392 2839 singularis
415 2752 580 2838 Tunquini
601 2754 768 2831 observati,
784 2753 839 2816 ubi
862 2753 888 2815 si
908 2754 1001 2818 Luna
1014 2755 1048 2817 in
1063 2765 1223 2839 aequatore
1236 2764 1388 2830 versatur,
1412 2752 1516 2816 nullus

204 2859 315 2926 ¹aestus
337 2862 594 2947 deprehenditur,
617 2863 666 2926 sin
688 2875 792 2927 autem
810 2863 904 2927 Luna
918 2861 1033 2927 habeat
1046 2863 1297 2939 declinationem,
1320 2862 1433 2925 unicus
1447 2873 1515 2925 tan-

221 2980 290 3031 tum
310 2967 374 3032 und
397 2969 501 3032 Lunae
521 2969 717 3033 revolutione
731 2969 816 3033 circa
831 2969 975 3035 Terram.
1021 2969 1091 3035 Nos
1104 2980 1209 3033 autem
1222 2990 1299 3033 mcx
1313 2967 1405 3051 hujus
1422 2969 1514 3030 mira-

221 3078 293 3141 bilis
315 3078 518 3161 phaenomeui
540 3077 633 3141 aliam
654 3080 755 3165 magis
777 3077 954 3142 naturalem
974 3090 1153 3165 nostraeque
1174 3077 1304 3143 theoriae
1324 3074 1513 3141 conformem

221 3183 431 3249 indicabimus
447 3206 583 3247 causam.

261 3301 287 3377 t.
305 3303 377 3359 118.
399 3293 565 3359 Hactenus
580 3304 693 3357 aestum
708 3292 811 3370 maris,
830 3292 1094 3378 quemadmodum
1107 3293 1142 3357 in
1156 3293 1349 3379 amplissimo
1364 3312 1480 3357 oceano
1493 3314 1512 3353 a

220 3405 338 3469 viribus
359 3405 401 3468 ad
415 3404 541 3470 Lunam
555 3426 593 3469 ac
609 3404 715 3469 Solem
730 3404 929 3469 tendentibus
946 3404 1149 3489 producatur,
1166 3418 1258 3490 atque
1272 3406 1360 3469 vario
1374 3402 1513 3467 littorum

222 3514 286 3577 situ
314 3511 387 3578 edm
417 3512 539 3577 ratione
569 3512 749 3599 quantitatis
777 3510 846 3576 uim
876 3511 1094 3577 retardationis
1123 3510 1330 3577 diversimode
1360 3510 1512 3585 turbetur,

222 3642 330 3685 sumus
353 3622 565 3705 contemplati,
589 3642 693 3706 neque
706 3642 834 3685 necesse
846 3642 914 3685 esse
929 3622 1077 3687 duximus
1092 3624 1257 3686 ventorum
1269 3620 1429 3707 marisque
1443 3641 1514 3683 cur·

222 3750 313 3792 suum
337 3727 539 3812 propriorum
564 3728 715 3791 rationem
742 3728 880 3792 habere:
914 3728 986 3793 cum
1012 3730 1084 3794 satis
1109 3750 1244 3815 pronum
1264 3730 1304 3795 sit
1324 3728 1513 3813 perspicere,

223 3839 383 3927 quomodo
404 3839 454 3903 his
476 3840 570 3903 rebus
592 3852 685 3904 aestus
700 3839 794 3903 maris
817 3853 880 3903 tam
896 3842 1003 3928 augeri
1018 3842 1068 3907 vel
1082 3841 1223 3919 diminui,
1240 3837 1334 3927 quam
1348 3838 1514 3905 accelerari

222 3949 272 4013 vel
291 3949 443 4013 retardari
465 3948 587 4012 debeat.
633 3950 781 4033 Superest
797 3949 896 4035 igitur
914 3961 950 4013 ut
973 3970 1176 4033 exponamus,
1202 3948 1361 4034 quomodo
1383 3948 1418 4011 in
1441 3944 1514 4010 satis

222 4055 327 4139 amplo
349 4065 450 4120 tractu
471 4055 577 4132 maris,
600 4056 655 4140 qui
677 4056 717 4118 ab
731 4076 850 4118 oceano
864 4055 914 4119 vel
929 4056 1057 4120 omnino
1072 4068 1119 4119 est
1140 4056 1306 4140 sejunctus,
1324 4054 1373 4119 vel
1387 4074 1446 4138 per
1458 4072 1514 4115 an·

162 4239 166 4248 ¹
221 4178 351 4252 gustum
374 4162 495 4229 tantum
516 4164 659 4229 canalem
679 4166 873 4250 conjunctus,
897 4165 1062 4249 peculiaris
1076 4178 1171 4229 aestus
1187 4186 1206 4229 a
1220 4164 1338 4229 viribus
1361 4162 1464 4227 Lunae
1477 4180 1515 4223 ac

224 4276 307 4341 Solis
329 4280 462 4363 produci
484 4292 587 4368 queat
635 4280 842 4364 Perspicuum
866 4280 950 4342 enirn
976 4290 1030 4355 est,
1057 4277 1177 4342 situlis
1204 4287 1319 4341 tractus
1334 4259 1514 4339 ¹secundum

221 4384 451 4473 longitudinem
466 4389 550 4451 ultre
572 4398 615 4452 90
636 4387 753 4473 gradus
767 4398 882 4469 pateat,
908 4398 1019 4448 aestum
1033 4386 1102 4468 pari
1116 4384 1212 4448 modo
1228 4382 1372 4471 generari
1387 4380 1512 4456 debere,

225 4518 263 4558 ac
287 4497 320 4558 in
344 4495 535 4579 amplissimo
558 4519 685 4574 oceano,
711 4496 765 4583 qui
790 4507 890 4559 totam
916 4494 1078 4557 Tellurem
1103 4494 1222 4558 ambire
1245 4494 1384 4576 ponitur.
1431 4489 1513 4553 Nam

221 4603 370 4687 quoniam
395 4604 535 4666 extensio
553 4616 640 4668 tanta
662 4617 718 4682 est,
741 4600 786 4667 ut⁴
798 4604 880 4666 vires
905 4602 1007 4666 Lunae
1028 4614 1060 4667 et
1082 4602 1164 4668 Solis
1184 4603 1219 4665 in
1240 4622 1279 4666 eo
1299 4612 1401 4666 tractu
1421 4596 1513 4662 simul

221 4712 390 4775 maximam
412 4736 449 4776 ac
470 4712 634 4777 minimam
655 4735 746 4799 aquae
771 4708 969 4778 altitudinem
991 4712 1141 4778 inducere
1163 4726 1287 4799 queant,
1312 4731 1442 4777 necesse
1466 4718 1514 4771 cst
