3384 5459
168 458 461 527 LmnnTsnuius.
525 455 767 525 PRINCIPIA
793 454 1164 536 MATHEMATICA.
1415 466 1458 524 25

732 792 891 858 Sadoiium.

218 998 384 1073 Hactenus
405 998 469 1065 vim
490 1000 576 1065 illam
598 998 659 1089 qui
683 1022 814 1087 corpora
835 999 973 1065 coelestia
990 1001 1024 1063 in
1044 999 1171 1063 orbibus
1193 997 1257 1062 suis
1271 999 1455 1078 retinentur,

170 1110 376 1196 centripetam
401 1108 634 1195 appellavimus.
687 1102 830 1174 Eandem
855 1110 923 1195 jam
952 1109 1137 1197 gravitatem
1167 1130 1234 1173 esse
1263 1120 1395 1187 constat,
1426 1122 1458 1173 et

165 1231 337 1305 propterea
350 1216 536 1304 gravitatem
554 1215 587 1279 in
607 1226 769 1301 posterum
783 1214 973 1279 vocabimus.
1018 1214 1102 1279 Nam
1118 1234 1211 1277 causa
1225 1214 1272 1276 vis
1286 1212 1368 1279 illius
1384 1234 1458 1278 cen·
1567 1277 1571 1288 ,

166 1326 300 1411 uipetae,
316 1324 378 1412 qui
394 1320 488 1389 Luna
502 1324 653 1389 retinetur
667 1323 701 1388 in
716 1324 801 1403 orbe,
818 1325 946 1390 extendi
960 1324 1054 1389 debet
1064 1322 1105 1388 ad
1119 1344 1228 1387 omnes
1243 1322 1385 1407 planetas
1398 1346 1457 1413 per

168 1434 252 1523 Reg.
271 1442 300 1499 l.
317 1442 348 1497 i.
364 1446 396 1499 et
411 1440 442 1498 t.

430 1682 717 1751 PROPOSITIO
740 1685 799 1751 Vl.
843 1684 1116 1761 THEOREMA
1138 1682 1198 1747 Vl.
1318 1700 1328 1709 ⁸

167 1870 308 1953 Corpora
323 1872 426 1933 arania
442 1872 476 1933 ia
484 1869 630 1953 pliznetas
643 1870 775 1955 singulas
786 1872 956 1955 gravitare,
973 1881 1003 1934 et
1016 1872 1159 1954 pondera
1173 1892 1272 1935 eonem
1287 1872 1322 1933 in
1336 1870 1458 1940 maden

210 1980 341 2063 premaia
348 1981 517 2062 planetam,
527 1978 658 2062 paridis
673 1982 830 2045 distantiis
840 2004 861 2044 a
871 1992 973 2046 cetura
981 1982 1127 2064 phaetae,
1137 1980 1387 2067 proportionalia
1398 2000 1459 2044 esse

211 2087 381 2173 aaaron
393 2087 531 2159 materia
546 2087 579 2149 a
594 2088 729 2173 sanguia.

211 2287 249 2369 (¹)
272 2286 453 2351 Descensus
474 2286 616 2375 gravium
638 2286 779 2351 omnium
801 2288 834 2351 in
861 2287 995 2353 Terram
1019 2284 1158 2373 (dempti
1183 2288 1293 2352 saltem
1312 2284 1459 2373 inaequali

164 2392 379 2459 retardatione
402 2416 474 2481 quae
497 2416 538 2458 ex
555 2396 636 2459 a'e'ris
661 2392 832 2484 perexigui
859 2396 1033 2462 resistentii
1053 2398 1166 2479 oritur)
1188 2396 1360 2484 aequalibus
1379 2408 1459 2460 tem·

163 2500 297 2584 poribus
312 2502 391 2577 lieri,
402 2500 592 2587 jamdudum
606 2500 811 2567 observarunt
825 2502 878 2567 alii
886 2528 896 2580 ς
919 2515 951 2567 et
964 2503 1193 2569 accuratissimi
1208 2504 1335 2591 quidem
1348 2515 1459 2567 notare

165 2606 242 2673 licet
264 2610 475 2697 aequalitatem
495 2620 672 2697 temporum
687 2611 720 2674 iu
734 2611 889 2695 pendulis.
936 2612 1018 2679 Rem
1033 2616 1150 2678 tentavi
1164 2615 1198 2677 in
1213 2636 1300 2691 auro,
1317 2616 1457 2699 argento,

164 2714 308 2803 plumbo,
331 2719 422 2796 uiuo,
449 2716 554 2797 areni,
579 2718 643 2783 sale
666 2720 831 2796 communi,
847 2719 945 2807 ligno,
961 2720 1052 2807 aqui,
1069 2720 1181 2785 tritico.
1228 2719 1459 2805 comparabam

163 2823 301 2910 pyxides
327 2822 405 2889 duas
430 2824 551 2913 ligneas
574 2822 724 2889 rotundas
745 2838 777 2891 ct
800 2826 946 2912 aequales.
992 2826 1101 2893 Unam
1121 2826 1292 2912 implebam
1309 2826 1408 2914 ligno,
1429 2835 1461 2888 et

164 2928 252 2995 idem
273 2931 342 2995 auri
363 2931 488 3017 pondus
511 2932 739 3017 suspendebam
761 2931 870 3019 (quim
891 2932 980 3017 potui
1002 2930 1124 3013 exacte)
1147 2934 1181 2999 iu
1200 2930 1327 2997 alterius
1349 2943 1459 2997 centro

164 3040 381 3107 oscillationis.
436 3040 576 3129 Pyxidas
597 3044 638 3107 ab
659 3042 831 3131 aequalibus
861 3042 978 3127 pedum
1007 3042 1156 3107 undecim
1183 3040 1245 3105 filis
1275 3041 1458 3128 pendentes,

167 3148 403 3214 constituebant
416 3148 571 3234 penduls3
593 3138 698 3235 quoad
712 3148 846 3234 pondus,
862 3148 1008 3236 figuram,
1032 3162 1064 3215 et
1078 3148 1158 3213 atris
1173 3148 1379 3211 resistentiam
1393 3166 1460 3210 om·

163 3255 243 3319 nino
257 3255 364 3340 paria:
388 3266 420 3319 et
433 3254 561 3341 paribus
576 3254 829 3335 oscillationibus,
842 3257 936 3341 juxta
948 3256 1070 3342 positae,
1087 3254 1174 3321 ibant
1191 3254 1256 3319 und
1269 3268 1302 3319 et
1315 3255 1460 3319 redibant

164 3361 350 3427 diutissime.
397 3364 432 3446 (¹)
451 3362 589 3428 Proinde
603 3365 694 3449 copia
710 3367 847 3429 matarioe
862 3367 895 3429 in
910 3388 987 3430 auro
1007 3370 1078 3451 (per
1095 3366 1202 3431 Corol.
1222 3372 1250 3429 l.
1267 3378 1299 3430 et
1313 3376 1343 3431 6.
1361 3366 1458 3451 Prop.

165 3468 301 3533 XXIV.
317 3467 389 3533 Lib.
407 3468 467 3549 II.)
490 3482 557 3533 erat
578 3469 619 3533 ad
640 3470 763 3555 copiam
777 3473 919 3536 materioe
940 3472 974 3536 in
987 3472 1086 3560 ligno,
1109 3484 1146 3537 ut
1159 3474 1205 3537 vis
1221 3473 1362 3538 matricis
1377 3473 1458 3537 actio

166 3578 201 3643 in
215 3586 320 3640 tobim
335 3598 447 3641 aurum
462 3577 504 3641 ad
518 3577 659 3662 ejusdem
673 3580 827 3645 actionem
841 3581 876 3645 in
890 3592 992 3645 toturn
1004 3582 1127 3668 lignum
1135 3606 1145 3659 ς
1165 3582 1228 3649 hoc
1247 3595 1304 3660 est,
1328 3594 1365 3648 ut
1378 3604 1457 3666 pon-

163 3686 225 3751 dus
239 3686 281 3752 ad
295 3686 431 3771 pondus.
477 3686 520 3753 Et
535 3688 580 3755 sic
594 3688 628 3751 in
643 3690 773 3753 caeteris.
819 3690 859 3755 ln
872 3690 1058 3776 corporibus
1073 3690 1212 3776 ejusdem
1232 3690 1382 3775 ponderis
1396 3688 1458 3758 dif-

163 3794 296 3861 ferentia
310 3796 460 3874 materiae,
477 3818 548 3883 quoe
563 3796 613 3863 vel
626 3797 730 3862 minor
742 3812 823 3863 esset
833 3798 929 3887 quim
939 3822 1013 3885 pars
1023 3801 1188 3865 millesima
1198 3800 1339 3865 materiae
1349 3800 1454 3879 tatium,

162 3906 215 3971 his
228 3907 450 3993 experimentis
465 3906 630 3973 manifesti
644 3907 839 3994 deprehendi
860 3910 972 3994 potuit
1015 3911 1089 3977 Jam
1103 3909 1178 3975 verb
1191 3920 1337 3973 naturam
1352 3911 1456 3997 gravi·

161 4016 236 4082 tatis
250 4017 284 4081 in
298 4016 440 4104 planetas
454 4016 586 4083 eandem
600 4040 669 4083 esse
683 4028 777 4105 atque
791 4018 824 4083 in
840 4018 986 4099 Terram,
1001 4042 1066 4085 non
1082 4031 1129 4084 est
1142 4017 1283 4082 dubium.
1329 4009 1455 4086 Ele‘vari

163 4128 251 4193 enim
265 4128 428 4218 fingantur
441 4146 578 4216 corpora
591 4128 660 4195 haec
674 4129 833 4194 terrestria
847 4128 889 4193 ad
903 4150 1003 4216 usque
1013 4128 1122 4193 orbem
1134 4126 1245 4205 Lunae,
1262 4138 1295 4191 et
1308 4126 1455 4192 unicum

194 4338 229 4403 (‘)
242 4342 256 4370 ⁰
268 4340 401 4389 Descensus
408 4343 518 4402 graciam
525 4344 630 4391 amnium
640 4342 675 4403 (8.
685 4340 739 4389 Lib.
752 4340 796 4404 1.).
828 4340 898 4389 recte.
936 4340 982 4389 Sed
997 4338 1090 4401 pondus
1105 4338 1289 4399 comparativum
1303 4348 1338 4387 cst
1349 4338 1454 4389 acrioris
1506 4400 1508 4404 .

194 4402 229 4479 (¹)
242 4406 256 4434 ⁸
271 4402 447 4467 Praindicapia
458 4408 567 4455 marma.
605 4404 731 4461 Quantitas
745 4420 796 4455 ma-
828 4406 931 4453 matricis
946 4408 998 4469 (per
1017 4402 1071 4451 Cor.
1091 4410 1113 4452 6.
1136 4402 1208 4465 Prop.
1230 4402 1293 4451 XX.
1313 4404 1367 4452 tm
1389 4404 1450 4467 11.).

161 4476 229 4517 terre
250 4466 276 4513 in
298 4464 377 4515 madio
398 4482 446 4515 non
468 4468 587 4517 mittente
606 4478 641 4516 est
658 4479 686 4516 ut
703 4470 796 4529 pondus
829 4468 898 4533 Ergo
908 4470 975 4529 copia
985 4467 1122 4515 manain
1133 4482 1191 4515 auro
1201 4466 1291 4515 eratad
1301 4468 1392 4529 copiam
1402 4484 1453 4515 ma-

161 4532 350 4591 nominativum
367 4540 391 4579 et
401 4532 540 4593 quadratum
553 4532 664 4594 temporis
674 4532 761 4581 timere
772 4544 796 4583 et
827 4533 892 4580 teria
907 4533 932 4580 in
946 4532 1011 4594 ligno
1022 4541 1050 4580 ut
1059 4532 1095 4580 vis
1104 4532 1207 4580 metricis
1217 4532 1277 4579 actio
1287 4532 1312 4578 in
1324 4540 1399 4579 totum
1410 4547 1453 4579 au·

162 4594 289 4655 longitudo
307 4594 404 4655 penduli
423 4592 512 4645 inversi
531 4599 584 4659 (per
604 4598 658 4646 Cor.
676 4602 699 4644 6.
721 4598 792 4659 Prop.
827 4612 881 4645 rum
899 4596 930 4643 nd
947 4595 1051 4659 ejusdem
1067 4596 1182 4645 actionm
1197 4596 1221 4642 in
1234 4596 1336 4659 lignum,
1350 4596 1396 4643 boc
1409 4604 1451 4653 ast,

164 4658 270 4707 XXIV.
284 4658 339 4707 Lib.
353 4658 405 4720 ΙΙ.)
417 4660 584 4722 idetquedatis
596 4670 699 4721 tempore
709 4672 732 4708 et
743 4662 795 4709 lon·
826 4663 881 4723 (per
902 4660 956 4708 Cor.
973 4665 993 4707 l.
1008 4662 1078 4723 Prop.
1094 4660 1197 4709 XXIV.
1211 4660 1267 4708 Lib·
1281 4659 1334 4722 11.)
1352 4654 1380 4707 ut
1392 4674 1453 4721 pon·

164 4722 271 4785 gitudiue
287 4722 393 4784 penduli,
411 4734 437 4772 ut
454 4724 547 4785 pondus
563 4724 744 4787 comparativum
759 4726 794 4773 di·
826 4724 872 4774 dus
882 4724 912 4774 ad
923 4724 1020 4787 pondua.
