3384 5459
246 414 312 473 260
500 406 768 487 INQUISITIO
794 408 998 477 PHYSICA
1023 410 1074 477 IN
1098 408 1294 482 CAUSAM

248 590 473 663 comparatam,
497 580 587 644 utin
612 580 786 666 aequalibus
806 582 891 647 cina
912 592 1055 647 canuam
1076 580 1247 646 intervallis
1269 580 1433 649 materiam
1452 576 1545 665 mque

251 680 383 751 densam
403 685 552 763 includat,
576 686 680 753 Terra
693 708 819 773 quoque
831 688 978 755 universa
996 688 1061 755 tim
1076 712 1096 751 a
1112 688 1185 755 Sole
1200 685 1296 774 quim
1308 710 1330 751 a
1344 686 1437 753 Luat
1453 686 1544 773 taque

247 791 474 870 sollicitabitur,
497 814 534 855 ac
556 793 583 860 ai
602 794 704 858 omnis
726 796 793 880 ejua
814 794 946 861 materia
967 794 1000 859 in
1021 806 1130 859 ceutm
1145 806 1227 859 essct
1242 792 1382 859 collecta.
1430 793 1541 871 Quaa-

247 922 344 987 quam
358 899 442 966 enim
454 919 540 966 nuuc
553 898 682 986 quidem
696 902 934 968 accuratissimis
956 901 997 968 ab
1018 901 1228 967 illustrissimi
1245 901 1418 971 Acadama
1442 900 1543 989 Regii

245 1008 394 1075 insu'tutis
419 1008 537 1093 passim
560 1010 715 1073 mensuris
740 1010 815 1075 satis
839 1021 889 1075 est
911 1009 1170 1088 demonstratum,
1203 1008 1316 1075 Terroe
1338 1008 1475 1095 figuram
1500 1010 1542 1081 od

247 1114 336 1201 polos
351 1137 419 1180 essa
434 1136 655 1200 comprmam,
667 1127 774 1181 tamen
787 1116 943 1181 tantillae
956 1116 1094 1201 perfecti
1108 1116 1233 1201 sphera
1247 1116 1414 1194 aberratio,
1429 1118 1462 1183 in
1473 1116 1542 1181 aliis

246 1224 374 1312 quidem
398 1224 533 1312 negotiis
557 1225 687 1292 maximi
707 1228 869 1304 momenti,
892 1228 927 1293 in
951 1226 1013 1295 hoc
1033 1228 1176 1295 instituto
1196 1226 1266 1295 ιιιιὸ
1287 1228 1407 1319 negligi
1424 1238 1560 1313 potem,

248 1333 384 1419 Parique
405 1334 537 1409 ratione,
560 1332 680 1397 ammai
702 1331 805 1400 Terra
825 1334 860 1397 in
881 1334 1057 1423 aequalibus
1078 1357 1097 1399 a
1119 1346 1229 1399 centro
1245 1335 1399 1401 distantiis
1415 1356 1480 1399 non
1500 1336 1542 1399 ait
1563 1396 1566 1400 .

246 1441 338 1530 aeque
352 1442 461 1519 densa,
477 1454 582 1507 tamen
595 1438 771 1507 differentia
785 1441 871 1508 certe
884 1464 951 1509 nou
966 1453 1015 1507 est
1028 1452 1124 1523 tanta,
1139 1454 1177 1507 ut
1190 1464 1279 1508 erran
1292 1440 1446 1509 sensibilis
1467 1440 1542 1507 lude

248 1552 290 1615 sit
302 1549 499 1615 maturandos.

290 1666 315 1743 t.
337 1668 391 1725 ιι.
422 1660 471 1726 Ut
495 1659 592 1747 igitur
616 1660 698 1726 vires
723 1660 932 1739 inveniantur,
958 1680 1031 1747 quae
1054 1660 1186 1727 tendant
1211 1661 1252 1725 ad
1280 1660 1376 1727 situm
1404 1657 1540 1745 partiam

250 1769 362 1834 Terrae
384 1766 549 1832 relativum
570 1767 811 1845 immutandum,
833 1767 1013 1832 definienda
1034 1768 1142 1835 cattis
1156 1766 1368 1845 acaeleratrix,
1392 1766 1453 1853 quai
1468 1786 1541 1829 cerr·⁸

247 1882 331 1943 stum
353 1876 464 1941 Terroe
485 1874 551 1938 sive
571 1874 615 1939 ad
637 1873 744 1941 solean
766 1874 830 1937 sive
852 1874 894 1937 ad
917 1875 1043 1939 Lunam
1063 1886 1232 1962 urgeatur:
1267 1871 1329 1960 qui
1351 1870 1487 1959 cogniti,
1514 1871 1541 1935 si

246 1984 481 2069 comperiantur
502 2002 612 2047 omnes
634 1982 748 2047 Terras
768 1995 874 2066 partas
888 1984 1062 2069 aequalibus
1085 1984 1203 2049 viribus
1220 1982 1489 2048 acceleratricibus
1511 1993 1542 2046 et

248 2093 282 2155 in
304 2089 532 2155 directionibus
558 2088 716 2174 parallelis
739 2089 840 2176 ageri,
864 2090 952 2154 nulla
976 2091 1106 2155 cumino
1132 2090 1210 2157 situla
1230 2090 1373 2169 mutatio,
1396 2090 1543 2177 nullaque

248 2198 382 2285 proinde
403 2198 499 2262 maris
520 2198 649 2285 agitatio
670 2198 798 2261 oricum
843 2182 908 2262 'sed
930 2197 1032 2261 Terra
1052 2198 1086 2261 in
1106 2220 1140 2262 se
1154 2210 1295 2283 spectata
1308 2198 1450 2261 omnium
1471 2220 1541 2283 par·

248 2308 328 2373 tium
341 2307 436 2371 situm
449 2318 595 2371 mutuum
608 2306 795 2371 invariatum
809 2306 1014 2370 conservabit.
1060 2306 1106 2371 At
1121 2308 1147 2371 si
1169 2308 1263 2384 vires,
1280 2308 1393 2393 quibus
1408 2306 1542 2394 singulm

248 2430 354 2505 partes
369 2440 389 2481 a
400 2416 474 2481 Sole
489 2428 544 2481 aut
558 2414 650 2479 Lunai
662 2428 824 2503 urgentur,
836 2414 1044 2499 discrepante
1057 2414 1089 2477 vi
1103 2428 1245 2481 cannam
1254 2416 1367 2481 Terre
1378 2416 1541 2495 afficiente,

249 2522 315 2589 tim
330 2523 451 2588 ratione
466 2522 646 2607 quantitatis
661 2519 756 2607 quim
771 2520 961 2599 directionis,
983 2532 1051 2585 tum
1065 2521 1126 2585 nisi
1141 2521 1316 2588 firrnissimd
1338 2524 1420 2588 iuter
1434 2546 1468 2587 se
1482 2524 1543 2587 sint

250 2652 413 2709 connexae,
435 2630 470 2695 in
490 2630 552 2695 situ
574 2652 632 2693 suo
652 2640 763 2695 mutuo
783 2629 961 2715 perturbari
982 2630 1151 2695 debebunt
1198 2632 1336 2717 Hocque
1350 2654 1425 2697 casu
1440 2652 1540 2719 aquae,

251 2763 323 2829 quae
349 2740 390 2804 ob
415 2738 601 2804 fluiditatem
624 2738 657 2802 vi
679 2737 774 2802 etiam
797 2738 938 2803 minimae
962 2740 1089 2817 cedunt,
1116 2740 1305 2805 sensibiliter
1332 2742 1542 2828 agitabuntur,

251 2859 344 2933 atque
365 2844 522 2909 affluendo
543 2843 772 2929 defluendoque
793 2843 862 2908 aliis
884 2842 960 2909 locis
983 2844 1196 2923 elevabuntur,
1223 2845 1290 2909 aliis
1317 2845 1540 2931 deprimentur.

254 2956 338 3021 Ciam
355 2968 465 3019 autem
480 2956 539 3019 iste
552 2964 668 3031 motus,
691 2954 746 3039 qui
765 2954 800 3017 in
822 2954 953 3043 singulis
969 2953 1079 3019 Terrae
1093 2954 1236 3040 partibus
1250 2966 1430 3040 generatur,
1453 2978 1472 3018 a
1486 2954 1557 3023 dis-r

253 3060 385 3125 ferentia
401 3062 482 3125 irater
495 3061 578 3125 vires
593 3072 736 3125 centrum
751 3060 863 3125 Terrae
878 3072 910 3125 et
924 3060 1007 3145 ipsas
1024 3073 1129 3146 partes
1144 3060 1345 3126 sollicitantes
1366 3062 1557 3146 proficisca‘

254 3179 318 3244 tur,
343 3166 483 3251 propria,
497 3166 555 3243 vis,
582 3164 645 3250 qual
670 3187 803 3251 qumque
827 3166 983 3250 pmticula
1006 3168 1184 3255 agitabitur,
1210 3168 1392 3246 innotescet,
1420 3170 1447 3233 si
1470 3193 1491 3233 a
1513 3170 1543 3233 vi

254 3272 470 3339 acceleratrice
484 3270 570 3335 illam
583 3270 768 3354 particulam
782 3270 968 3337 sollicitante
981 3272 1140 3339 auferatur
1155 3274 1209 3337 vix
1224 3275 1435 3354 acceleratrix,
1452 3298 1542 3363 quam

254 3390 397 3444 centrum
412 3376 524 3441 Terrae
536 3376 673 3461 patitur:
695 3375 829 3464 haecque
842 3379 1014 3445 subtractio
1028 3381 1072 3445 ita
1085 3382 1268 3459 instituitur,
1290 3393 1326 3447 ιιι
1340 3384 1453 3469 c'uique
1472 3406 1544 3469 par-

254 3486 358 3551 ticulae
378 3497 494 3570 praeter
515 3486 579 3549 vim
598 3497 673 3551 actu
686 3502 757 3549 eam
770 3486 989 3554 sollicitantem
1004 3490 1065 3555 alia
1078 3491 1125 3555 vis
1139 3490 1269 3579 aequalia
1283 3490 1340 3570 illi,
1363 3512 1456 3579 quam
1470 3514 1544 3557 cen·

254 3606 339 3659 trum
358 3592 543 3678 perpetitur,
566 3592 600 3655 in
620 3592 790 3659 directione
804 3595 961 3661 concam
976 3597 1130 3683 applicata
1143 3598 1357 3683 concipiatur:
1380 3610 1445 3665 tum
1459 3600 1543 3663 enim

254 3703 301 3766 vis
324 3724 395 3788 quoe
417 3724 458 3765 ex
479 3701 705 3787 compositione
725 3702 839 3768 harum
853 3704 988 3769 duarum
1001 3706 1111 3785 onitin,
1135 3706 1195 3771 erit
1208 3726 1282 3769 vera
1296 3706 1342 3771 vis
1362 3707 1545 3793 particulam

254 3812 341 3875 illam
355 3810 396 3875 de
409 3812 481 3875 loco
495 3832 554 3875 suo
567 3811 745 3877 deflectens.

297 3924 321 4001 §t
337 3926 391 3983 29.
415 3917 635 3983 Consentanea
649 3930 697 3983 est
710 3918 781 3984 haec
796 3916 940 3985 reductm
957 3919 1119 4007 principiis
1134 3920 1332 4003 mechanicis,
1355 3922 1469 4010 quibus
1484 3932 1546 3989 sta-

255 4028 354 4093 tuitur
374 4041 495 4093 motum
516 4028 681 4094 relauvum
701 4030 735 4093 in
757 4041 925 4117 systemata
939 4044 1139 4118 quotcunque
1153 4054 1323 4117 corporum
1338 4046 1371 4097 et
1384 4056 1404 4099 a
1419 4034 1546 4120 quibus-

256 4159 380 4224 cunque
393 4140 511 4204 viribus
527 4139 762 4205 sollicitatorum
785 4160 912 4205 manere
926 4140 1122 4218 bavariatum,
1139 4140 1165 4207 si
1180 4160 1245 4207 non
1260 4140 1361 4207 saltim
1376 4142 1434 4207 toti
1449 4154 1547 4229 syste-

256 4243 334 4305 mati
354 4255 458 4308 motua
479 4244 642 4330 aequabilis
663 4246 698 4309 in
719 4244 873 4309 directum
893 4244 987 4309 simul
1008 4245 1214 4331 impiimatur,
1238 4247 1294 4311 sed
1308 4247 1402 4311 etiam
1417 4248 1546 4335 singulis

256 4349 398 4435 partibus
412 4352 495 4416 vires
510 4352 645 4438 aequales
660 4374 794 4438 quarum
806 4352 995 4417 directiones
1017 4353 1080 4417 sint
1100 4354 1182 4419 inter
1201 4373 1235 4420 ae
1255 4354 1424 4440 parallelae,
1447 4357 1547 4442 appli-

257 4470 379 4523 centur.
424 4444 544 4525 Nostro
558 4462 656 4549 igitur
668 4482 744 4525 casu
757 4472 862 4525 motus
876 4461 1040 4527 intestinus
1054 4463 1191 4547 partium
1206 4462 1317 4527 Terre
1331 4484 1396 4527 non
1407 4465 1547 4529 turbabi-

256 4581 321 4645 tur,
344 4569 371 4632 si
392 4570 522 4657 singulis
536 4570 696 4654 particulis
710 4570 791 4634 vires
806 4570 942 4657 aequales
956 4572 989 4635 in
1003 4572 1224 4637 directionibus
1239 4572 1395 4659 parallelis
1409 4576 1545 4660 applice-

258 4700 330 4743 mus
356 4690 391 4742 ιιι
414 4675 563 4742 iacimus:
597 4677 683 4763 qudd
708 4677 735 4741 si
759 4689 865 4743 autern
890 4678 957 4742 istae
979 4678 1060 4743 vires
1082 4679 1217 4766 equales
1239 4680 1302 4745 sint
1321 4680 1377 4760 illi,
1399 4680 1461 4768 qui
1483 4694 1548 4747 tota
