3384 5459
142 442 221 509 Car.
238 442 301 523 ΙΙ.]
518 441 585 507 AD
607 440 830 509 TERTIUM
854 442 1051 511 LIBRUM.
1344 449 1424 515 xxiii

138 616 243 703 igitur,
262 616 373 693 Lunoe,
390 616 525 681 fixarum
541 638 577 680 ac
592 617 729 681 siderum
744 617 885 681 omnium
895 617 985 683 extra
994 631 1173 685 terrestrem
1183 622 1424 708 atmosphaeram

137 725 385 801 constitutorum,
401 725 434 787 in
448 723 575 808 paribus
590 724 737 788 avertice
753 724 907 789 distantiis
921 725 1122 795 refractiones
1137 742 1210 794 sunt
1223 731 1369 817 aequales.

179 838 231 897 26.
269 831 413 896 Siden'rm
442 828 586 894 refractio
611 828 651 895 ad
678 830 817 917 singulos
847 830 1021 896 altitudinis
1048 834 1176 922 gradus,
1206 838 1424 903 observatione

30 994 32 1025 ,
135 940 260 1006 definiri
285 954 397 1026 potest.
442 940 520 1005 Esto
547 940 584 1003 H
611 940 642 1004 R
666 938 807 1017 horizon,
836 938 865 1005 P
887 941 980 1026 polus
1001 944 1123 1022 mundi,
1147 944 1192 1009 AE
1215 945 1248 1022 Q
1269 958 1424 1032 aequator,

137 1050 166 1115 P
182 1051 209 1115 Z
225 1051 264 1115 H
284 1050 485 1127 meridianus,
511 1048 537 1113 Z
554 1049 577 1114 S
592 1048 623 1111 V
644 1048 779 1113 circulus
804 1049 969 1128 verticalis,
996 1050 1023 1117 P
1039 1052 1112 1117 SD
1134 1063 1167 1117 et
1189 1051 1293 1132 Psd,
1315 1054 1433 1122 circuli

135 1155 360 1223 declinationis.
422 1154 527 1221 Stellae
555 1153 629 1218 fixae
667 1154 694 1219 F
721 1152 823 1240 proph

136 1264 238 1329 zenith
268 1244 444 1331 cons'mutae
473 1262 654 1327 observetur
690 1260 822 1327 altitudo

135 1374 309 1437 meridiana
342 1372 380 1438 H
415 1372 452 1449 F,
489 1394 561 1459 quae
589 1393 609 1437 a
638 1369 823 1435 refractione

134 1482 233 1547 libera
254 1494 311 1559 est,
338 1490 370 1544 et
394 1477 467 1547 inde
490 1491 617 1545 eruatur
638 1479 704 1565 ejus
727 1476 823 1543 dccli-

135 1591 220 1655 natio
244 1588 335 1655 FAE
354 1588 433 1673 (14).
488 1586 614 1652 Deinde
640 1587 822 1653 observetur
877 1643 899 1687 s:

135 1696 274 1785 ejusdem
302 1694 401 1761 stellae
430 1696 463 1763 in
495 1696 519 1759 S
546 1696 657 1785 positae
689 1695 821 1761 altitudo

135 1805 281 1893 quaelibet
308 1806 332 1869 S
347 1803 388 1882 V,
411 1816 443 1868 et
456 1826 517 1891 ope
530 1804 686 1891 horologii
701 1804 820 1869 oscilla-

135 1913 206 1978 torii
221 1924 347 1981 notetur
359 1923 482 1996 tempus
494 1911 579 1997 quod
594 1912 675 1976 inter
688 1912 820 1998 primam
864 1916 901 1978 fl

137 2038 167 2090 et
187 2024 359 2089 secundam
378 2024 625 2096 observationem
646 2026 820 2105 intercedit,

135 2146 166 2199 et
179 2133 356 2197 inveniatur
370 2154 460 2197 arcus
476 2134 643 2219 aequatoris
659 2132 703 2197 ΖΕ
719 2133 753 2199 Ι)
768 2135 821 2221 qui

134 2264 171 2306 eo
199 2254 341 2326 tempore
367 2261 426 2324 per
461 2240 668 2305 meridianum
699 2242 822 2306 trarrsiit

28 2384 30 2409 t
134 2350 213 2433 (16).
259 2346 357 2414 Stella
379 2368 451 2432 quae
475 2346 517 2411 ob
543 2348 761 2413 refractionem
787 2351 820 2413 in

28 2470 29 2499 ³
133 2456 202 2523 loco
225 2457 326 2522 altiori
348 2456 509 2541 supparet
530 2456 570 2519 sit
591 2456 698 2521 reversi
721 2456 755 2520 in
779 2458 812 2535 S,
835 2460 896 2524 erit
917 2462 947 2525 P
963 2464 987 2529 S
1001 2462 1036 2529 D
1050 2466 1187 2532 circulus
1208 2468 1425 2535 declinationis

101 2555 108 2571 ¹
135 2564 230 2633 stellae
251 2564 284 2629 in
307 2566 331 2630 S
354 2564 549 2640 constitutae„
563 2576 595 2628 et
614 2565 647 2629 in
669 2565 828 2653 triangulo
852 2568 881 2632 P
896 2568 923 2632 Z
940 2570 1123 2645 S,·dabitur
1144 2578 1277 2663 angulus
1300 2577 1327 2642 Z
1344 2578 1373 2642 P
1389 2579 1423 2655 S,

134 2680 219 2765 cujus
239 2700 387 2743 mensura
408 2688 455 2741 est
475 2697 567 2741 arcus
584 2675 628 2739 AE
645 2660 688 2740 D¹
701 2698 771 2741 cum
794 2676 892 2743 latere
910 2677 939 2742 P
954 2678 980 2742 Z
995 2678 1081 2763 quod
1095 2694 1142 2744 est
1154 2682 1302 2748 distantia
1323 2685 1390 2769 poli
1404 2706 1425 2749 a

134 2792 246 2854 vertice
262 2801 292 2853 et
306 2788 403 2853 latere
419 2788 447 2852 P
460 2789 493 2865 S,
510 2786 595 2875 quod
611 2797 657 2849 est
671 2780 890 2849 declinationis
901 2785 935 2851 D
949 2786 972 2851 S
983 2808 1039 2849 seu
1052 2785 1097 2850 AE
1110 2787 1137 2851 F
1148 2790 1422 2873 complementum,

134 2898 215 2963 unde
237 2898 395 2962 invenitur
416 2898 497 2961 latus
522 2897 548 2961 Z
571 2896 594 2961 S
614 2918 684 2960 cum
700 2894 865 2961 altitudine
882 2896 906 2960 S
921 2895 961 2972 V,
978 2896 1210 2981 complemento
1222 2899 1330 2967 lateris
1346 2902 1373 2967 Z
1390 2904 1423 2967 S.

135 3008 168 3073 Si
192 3008 270 3097 ergo
291 3030 332 3073 ex
353 3006 518 3073 altitudine
539 3004 701 3069 observati
731 3022 746 3065 s
772 3003 813 3082 V,
837 3003 1034 3069 subducatur
1052 3004 1186 3071 altitudo
1198 3008 1327 3075 inventa
1343 3010 1368 3076 S
1383 3010 1425 3089 V,

132 3140 203 3202 quae
218 3141 236 3181 a
251 3115 435 3181 refractione
448 3114 548 3178 libera
562 3124 619 3191 est,
635 3112 763 3176 dabitur
777 3134 869 3176 arcus
885 3113 946 3189 Ss,
962 3110 1108 3177 refractio
1123 3114 1221 3179 stellre
1235 3116 1268 3179 in
1283 3116 1426 3203 quolibet

130 3224 232 3313 gradu
255 3222 438 3288 altitudinis.
485 3222 561 3289 Hoc
580 3219 677 3285 modo
700 3220 744 3286 D.
762 3220 816 3285 De
834 3220 867 3283 la
888 3218 971 3285 Hire
991 3220 1026 3283 in
1049 3220 1180 3288 Tabulis
1196 3225 1425 3291 Astronomicis

131 3328 520 3395 observavit'refractiones
536 3327 673 3393 siderum
688 3326 819 3392 diversis
833 3327 909 3391 antri
924 3329 1171 3412 tempestatibus,
1188 3331 1222 3395 ia
1236 3333 1306 3416 pari
1321 3332 1425 3397 altitu·

131 3438 203 3504 dine
218 3440 342 3505 easdem
365 3462 432 3503 esse
454 3438 593 3523 exceptis
607 3436 845 3502 refractionibus
866 3436 949 3501 circis
962 3436 1157 3505 horizontem
1172 3460 1250 3524 quas
1267 3438 1426 3505 nonnullis

130 3548 345 3612 inconstantiis
366 3547 519 3611 obnoxias
531 3558 680 3633 expertus
702 3558 761 3623 est,
786 3545 879 3632 atque
901 3544 978 3610 hinc
998 3546 1124 3611 unicam
1145 3548 1285 3613 tabulam
1311 3547 1426 3613 refrac-

132 3656 253 3721 tionum
269 3674 310 3723 ex
323 3653 398 3738 ipsis
413 3650 684 3715 observationibus
698 3648 868 3715 deductam
883 3651 1053 3729 constituit,
1065 3674 1159 3739 quam
1169 3666 1280 3737 postea
1289 3654 1427 3719 correxit

132 3764 175 3830 D.
201 3762 359 3837 Cassinus,
383 3772 414 3825 et
436 3758 472 3823 eri
495 3757 634 3823 correcti
658 3770 798 3823 utuntur·
811 3757 992 3823 astronomi.
1026 3760 1202 3835 ‘Quoniam
1225 3759 1301 3825 vero
1321 3760 1426 3825 radio-

131 3892 201 3935 rum
222 3869 301 3933 lucis
322 3868 356 3931 in
378 3866 618 3951 atmosphaeram
642 3866 850 3929 incidentium
872 3864 1039 3952 obliquitas
1061 3888 1133 3931 cum
1147 3866 1258 3931 sideris
1274 3867 1423 3933 avertice

131 3974 277 4039 distantia
300 3974 420 4049 crescit,
443 3973 555 4036 iisdem
577 3970 849 4037 observationibus
870 3970 993 4037 invenit
1014 3970 1215 4036 refractiores
1241 3970 1380 4038 sidermn
1406 3998 1426 4039 a

130 4083 247 4147 vertice
262 4081 302 4145 ad
316 4080 512 4144 horizontem
527 4078 625 4166 usque
640 4080 695 4144 ubi
709 4079 860 4143 maxirnoe
873 4090 957 4157 sunt,
973 4077 1124 4143 continuo
1137 4079 1247 4168 augeri
1255 4102 1265 4154 ;
1291 4092 1325 4144 at
1339 4081 1424 4165 quod

130 4212 172 4255 ex
193 4188 303 4252 alienis
324 4186 594 4250 observationibus
620 4186 826 4272 supponebat,
853 4185 1000 4249 videlicet
1023 4182 1224 4249 refractiones
1249 4184 1424 4251 borealium

128 4296 295 4385 regionum
311 4292 376 4383 ipsi
392 4294 485 4357 etiam
500 4306 617 4371 aestate,
634 4292 729 4381 longe
741 4294 876 4377 majores
891 4315 960 4357 esse
975 4289 1068 4377 quim
1082 4292 1116 4356 in
1129 4293 1218 4357 zonis
1232 4294 1424 4379 temperatis,

128 4406 163 4471 id
185 4403 313 4469 minime
335 4424 443 4466 verum
465 4425 532 4467 esse
554 4401 727 4475 ostendunt
752 4400 961 4465 accuratiores
986 4399 1219 4465 observationes
1248 4400 1289 4465 ab
1313 4402 1424 4468 acade-
1527 4416 1530 4423 '

27 4488 28 4561 i
127 4514 217 4578 micis
249 4510 474 4575 Parisiensibus
505 4510 545 4574 ad
577 4510 728 4574 circulum
757 4508 900 4593 polarem
927 4505 1053 4584 habita,
1082 4508 1195 4595 quibus
1223 4508 1424 4584 refractiones

27 4634 29 4723 l

128 4622 225 4687 etiam
247 4616 457 4683 horizontales
481 4618 709 4683 Parisiensibus
730 4616 867 4703 oequales
888 4616 1083 4681 invenerunt
1128 4618 1210 4682 Vide
1223 4618 1356 4685 Domini
1371 4621 1424 4697 De

749 4726 765 4773 b
776 4729 792 4771 4
