3384 5459
139 426 219 491 Car.
237 424 320 507 HL]
524 429 594 495 AD
614 428 836 497 TERTIUM
862 432 1060 501 LIBRUM.
1328 436 1431 499 miii

134 601 279 686 trajicere
300 600 359 667 visi
374 614 456 667 sumt
505 600 602 669 Unde
623 618 733 671 notum
754 604 873 671 factum
892 617 942 671 est
970 608 1116 672 Planetas
1131 606 1201 672 illos
1216 628 1284 673 esse
1298 628 1431 692 corpora

134 732 236 796 opaca
261 734 281 775 ιι
308 711 382 777 Sole
408 712 569 777 illustrata.
617 713 655 778 In
678 714 766 793 Jove,
792 714 900 779 Marte
915 736 951 779 ec
967 716 1091 779 Venere
1105 717 1238 781 maculoe
1257 716 1431 782 observata
1552 766 1556 775 .

133 818 264 884 fuerunt
272 841 406 907 quarum
415 832 520 885 motus
532 820 718 885 rotationem
730 822 857 885 illorum
866 822 1064 906 planetarum
1075 820 1158 887 cited
1165 824 1330 909 proprium
1339 846 1431 889 axem

132 926 258 1011 probat.
313 926 408 992 Circei
421 927 534 995 Jovem
549 942 684 1016 quatuor
698 930 818 994 revolvi
832 930 980 995 videntur
993 930 1110 995 lunrrlae
1124 932 1146 995 J
1147 932 1214 997 ovis
1228 954 1344 1017 corpus
1356 921 1440 1017 p'erae

133 1034 232 1122 petub
254 1036 447 1101 comitantes.
494 1038 575 1101 Sunt
596 1060 705 1102 omnes
727 1049 763 1102 ut
784 1051 816 1102 et
837 1039 963 1122 Jupiter
976 1038 1043 1123 ipse
1062 1060 1195 1124 corpora
1210 1062 1309 1125 opaca
1322 1040 1429 1106 lumea

136 1162 228 1207 suum
240 1164 261 1206 a
273 1142 347 1207 Sole
359 1142 533 1207 mutuantis
540 1166 550 1218 ;
565 1164 639 1207 nam
648 1144 728 1209 Jove
742 1145 825 1209 inter
838 1144 922 1229 ipsas
933 1156 965 1209 et
977 1145 1083 1209 Solem
1097 1145 1320 1210 diametraliter
1332 1147 1431 1211 inter·

136 1252 252 1337 posito,
280 1251 400 1316 lumine
424 1252 590 1337 privantur
615 1265 647 1318 et
672 1253 750 1318 caelo
775 1275 886 1317 sereno
912 1264 1118 1329 ermestunt3
1148 1253 1203 1318 nbi
1225 1253 1301 1318 verb
1326 1256 1430 1342 aliqua

135 1360 266 1425 Jovialia
289 1359 418 1424 Lunule
438 1360 520 1425 inter
543 1360 649 1425 Solem
665 1372 697 1425 et
710 1362 823 1425 lovem
837 1362 959 1437 transit,
975 1361 1043 1446 ejus
1057 1360 1171 1425 umbra
1185 1362 1283 1425 instar
1296 1363 1430 1427 maculae

134 1467 237 1555 nigrae
262 1489 300 1531 ac
324 1466 470 1531 rotundoe
492 1466 677 1531 observatur
705 1467 739 1531 in
769 1468 838 1551 ipso
861 1468 951 1531 Jovis
975 1466 1073 1531 disco.
1134 1467 1283 1554 Quinque
1311 1470 1430 1553 pariter

137 1574 276 1641 Lunulae
293 1574 464 1638 Saturnum
479 1574 667 1637 comitantur
681 1586 713 1637 et
728 1572 812 1637 circii
826 1596 899 1637 eum
913 1573 1122 1637 revolutiones
1138 1596 1210 1639 suas
1224 1590 1323 1662 agunt
1336 1576 1429 1641 lumi·

137 1706 241 1771 neque
261 1682 427 1767 privantur
447 1681 524 1745 dum
549 1680 629 1745 radii
647 1681 805 1745 Selares'a
822 1681 950 1745 Saturni
964 1701 1096 1765 corpore
1110 1702 1211 1765 opace
1225 1683 1429 1768 intercipiun-

136 1805 196 1856 tur.
240 1788 412 1876 Hugenius
421 1780 464 1853 ex
477 1789 614 1873 propriis
626 1790 895 1853 observationibus
909 1788 1015 1853 intulit
1027 1790 1199 1853 Saturnum
1213 1791 1298 1879 cingi
1312 1793 1430 1857 amulo

136 1899 232 1977 tenui,
255 1897 365 1985 plano,
386 1919 541 1984 nusquam
561 1896 738 1963 cohaerente
759 1919 830 1961 eum
853 1920 985 1983 empore
999 1899 1127 1963 Summi
1140 1912 1172 1965 et
1186 1898 1228 1963 ad
1244 1900 1430 1986 Ecliptieam

138 2008 308 2083 inclinato;
331 2028 403 2093 quae
427 2006 620 2093 hypothesis,
645 2008 671 2071 si
685 2007 730 2071 itt
743 2030 827 2071 nunc
841 2020 945 2092 potest
959 2009 1121 2093 appellari,
1136 2030 1203 2073 non
1216 2010 1320 2076 solum
1335 2013 1430 2078 Phre-

136 2113 279 2179 nomenis
300 2113 341 2175 ab
364 2112 517 2200 Hugenio
538 2112 719 2190 observatis,
740 2112 796 2177 sed
818 2126 851 2177 et
871 2114 941 2177 aliis
960 2112 1106 2198 plurimis
1130 2138 1204 2201 quae
1225 2118 1430 2204 magnidili-

137 2220 241 2312 gentiri
264 2244 285 2286 a
308 2222 440 2287 Cassino
462 2234 494 2285 et
521 2221 670 2286 Mareldo
692 2222 858 2285 observata
876 2219 964 2285 fuere
989 2221 1145 2287 satisfacit.
1202 2223 1347 2289 Tandem
1370 2248 1431 2311 per

137 2334 341 2417 teleseopium
362 2333 460 2397 stellae
481 2332 575 2421 longe
595 2332 701 2418 plures
716 2354 810 2419 quam
825 2330 918 2395 oculo
931 2330 1019 2395 nudo
1032 2343 1221 2410 cernuntur3
1245 2334 1352 2398 Stellre
1365 2336 1429 2399 illae

138 2468 213 2533 quas
235 2444 405 2509 nebulosas
427 2444 536 2508 dicunt
557 2456 588 2507 et
602 2444 725 2531 integra
749 2442 800 2506 via
823 2442 924 2506 lactea
937 2440 1017 2505 nibil
1031 2440 1118 2505 aliud
1132 2454 1207 2505 sunt
1220 2464 1315 2529 quam
1328 2444 1427 2530 pluri·

137 2572 259 2617 marum
273 2550 433 2615 stellarum
448 2573 519 2636 quae
535 2550 626 2614 oculo
641 2572 705 2615 non
719 2549 957 2637 distinguuntur
971 2549 1144 2636 congeries.
1187 2550 1289 2615 Novae
1303 2574 1429 2638 quoque

136 2660 168 2723 in
197 2659 282 2723 caelis
312 2658 410 2724 stellae
431 2670 585 2744 apparent
607 2670 639 2723 et
660 2680 731 2745 quae
754 2658 827 2721 ante
849 2657 1048 2735 videbantur,
1071 2678 1299 2743 nonnunquam
1319 2659 1428 2723 incon·

139 2770 256 2855 spicuae
285 2768 376 2847 flunt,
408 2768 533 2833 illarum
562 2768 708 2855 quaedam
745 2766 950 2851 apparitionis
979 2778 1011 2831 et
1039 2764 1251 2849 disparitionis
1279 2767 1428 2851 periodos

137 2878 254 2943 habent
269 2900 341 2965 quae
355 2878 523 2964 quamdam
538 2876 769 2963 regularitatem
791 2874 936 2941 obtinere
949 2870 1105 2950 videntur,
1121 2892 1291 2958 earumque
1305 2873 1428 2961 magni·

137 2990 213 3053 tudo
227 2988 310 3053 sub
302 2989 391 3053 mitio
406 2987 609 3074 apparitionis
625 2986 735 3051 crescit
749 2997 781 3049 et
795 2984 855 3048 sub
869 2984 965 3047 finem
979 2981 1139 3047 decrescit

176 3104 230 3161 42.
257 3097 291 3163 Si
307 3097 422 3181 sepius
437 3097 621 3161 observetur
635 3106 703 3160 tum
718 3106 823 3159 motus
841 3093 947 3159 Solis
937 3114 971 3155 m
986 3092 1140 3179 Ecliptiea
1163 3095 1233 3178 (15)
1247 3104 1316 3159 tum
1329 3095 1428 3180 ipsius

136 3206 287 3272 diameter
312 3230 467 3293 apparens
494 3208 563 3292 (³9)
589 3204 685 3292 quim
711 3204 781 3269 fieri
803 3215 908 3290 potest
936 3200 1178 3280 accursussime,
1204 3200 1289 3267 circei
1317 3202 1427 3268 datum

134 3326 287 3399 punctum
312 3314 346 3377 in
370 3314 467 3400 plano
489 3313 624 3379 describi
649 3312 765 3397 poterit
786 3334 884 3375 curva
904 3309 1013 3373 sunilis
1034 3309 1147 3373 orbitae
1162 3329 1257 3394 quam
1273 3309 1330 3373 Sol
1343 3308 1428 3374 circei

134 3434 250 3487 terram
275 3445 460 3509 percurrere
483 3422 615 3487 videtur.
672 3423 756 3486 Nam
782 3418 855 3485 edm
876 3419 1020 3483 diametri
1047 3418 1129 3483 Solis
1153 3431 1340 3503 apparentes
1364 3419 1428 3483 sint

134 3530 295 3616 reciproce
316 3540 353 3595 ut
373 3532 472 3615 ipsius
496 3554 515 3594 ιι
535 3530 647 3594 tellure
669 3529 836 3605 distantiae,
862 3549 902 3592 ex
925 3527 1005 3591 datis
1026 3526 1186 3591 diametris
1205 3527 1427 3612 apparentibus

135 3636 249 3703 dantur
272 3638 490 3702 distantiarum
510 3638 646 3702 rationes
668 3647 700 3701 et
722 3658 762 3700 ex
785 3635 861 3699 dato
881 3634 964 3700 Solis
978 3647 1066 3699 motu
1080 3634 1114 3697 in
1130 3634 1295 3719 Eclipticri,
1311 3634 1427 3698 dantrm

135 3746 240 3835 anguli
255 3746 337 3810 inter
351 3744 419 3809 illas
434 3744 596 3809 distantias
611 3744 759 3809 contenti.
807 3740 841 3807 si
856 3739 933 3807 verb
948 3764 989 3805 ex
1002 3742 1184 3827 hujusmodi
1199 3741 1426 3805 observationi-

134 3852 192 3917 bus
214 3852 415 3918 conferantur
437 3853 582 3918 diametri
604 3864 792 3937 apparentes
809 3851 892 3918 Solis
907 3873 979 3915 cum
992 3852 1091 3935 ipsius
1104 3850 1249 3938 angulari
1262 3849 1427 3914 velocitate

135 3958 218 4025 circa
238 3972 364 4041 terram,
390 3974 521 4047 apparet
542 3984 629 4027 areas
653 3983 730 4048 quas
754 3959 809 4027 Sol
828 3961 919 4024 radio
933 3960 974 4025 ad
989 3973 1104 4025 terram
1119 3960 1215 4023 ducto
1228 3960 1335 4037 verrit,
1358 3983 1427 4025 esse

135 4070 329 4155 temporibus
344 4072 603 4156 proportionales,
619 4070 763 4157 Solisque
777 4070 910 4135 orbitam
922 4073 987 4134 non
997 4070 1131 4135 multum
1141 4068 1267 4136 differre
1278 4094 1297 4134 a
1308 4070 1425 4135 circulo

135 4192 167 4242 et
187 4178 299 4242 haberi
321 4200 413 4265 posse
434 4200 494 4263 pro
517 4178 617 4264 ellipsi
633 4180 720 4264 cujus
736 4178 918 4243 umbilicum
934 4178 1066 4241 alterum
1081 4188 1215 4261 occupat
1228 4188 1321 4241 terra.
1368 4177 1423 4242 Est

136 4299 244 4352 autern
261 4286 342 4351 Solis
357 4287 510 4351 diameter
525 4310 678 4373 apparens
693 4288 832 4352 maxima
849 4292 898 4351 π’
913 4292 983 4365 40”,
1000 4299 1031 4351 et
1046 4288 1175 4351 minima
1190 4290 1242 4354 31'
1258 4292 1316 4353 86⁰
1333 4286 1426 4372 juxta

135 4394 178 4461 D.
207 4395 331 4459 Cassini
351 4393 385 4457 in
408 4394 540 4459 Tabulis
561 4395 791 4459 Astronomicis
825 4406 856 4458 et
877 4393 950 4457 ideb
971 4394 1109 4457 maxima
1129 4394 1277 4459 distantia
1303 4394 1385 4459 Solis
1407 4416 1426 4459 a

135 4504 220 4569 terri
235 4515 282 4569 est
297 4503 337 4568 ad
353 4503 532 4569 distantiam
546 4506 708 4569 minimam
724 4516 759 4568 ut
775 4505 827 4569 δι’
848 4504 908 4567 tol
930 4502 972 4566 ad
996 4507 1045 4568 31'
1064 4505 1133 4580 36⁰,
1150 4501 1214 4567 sive
1229 4516 1264 4567 ut
1282 4512 1365 4569 1960
1384 4502 1425 4567 ad

138 4620 221 4677 1896
249 4610 384 4689 circiter,
413 4611 479 4677 sive
506 4620 568 4676 245
590 4611 631 4675 ad
654 4616 727 4680 237.
786 4610 838 4675 Ex
868 4609 1020 4675 similibus
1049 4610 1325 4689 observationibus,
1357 4624 1424 4676 tum

168 4720 230 4770 vm.
246 4721 299 4771 ιιι.
809 4720 829 4767 c
