3384 5459
275 394 338 451 aas
576 383 642 451 uu
666 343 820 451 causo
843 382 1048 450 Pnrsrcr
1071 381 1263 449 rnuxus

274 559 420 645 Crimque
433 559 480 622 vis
495 556 668 647 centrifirga
682 580 723 623 ex
733 570 820 622 motu
830 558 944 623 diurno
959 572 1027 623 orta
1038 560 1078 621 sit
1087 556 1187 621 multd
1198 557 1302 620 minor
1312 555 1476 644 gravitate,
1489 554 1569 618 situs

269 666 332 730 loci
348 666 376 731 F
390 666 444 730 ubi
454 665 614 749 praedictoe
622 666 703 730 vires
712 666 982 751 aequipollentsub
990 678 1158 753 aequatore,
1169 666 1335 752 dumaqua
1345 666 1457 730 transit
1466 663 1568 728 aloco

270 773 292 836 b
312 774 353 837 ad
373 775 477 837 locum
499 774 542 850 A,
565 774 611 837 sic
624 772 688 837 ferd
703 773 827 838 definiri
849 797 942 859 posse
963 774 1095 838 videtur.
1140 773 1193 837 Ex

270 873 387 963 puncto
398 880 475 943 Fsit
487 879 515 943 F
525 878 543 942 f
551 879 699 943 normalis
711 880 743 943 in
754 880 783 943 B
796 881 828 958 b,
844 881 1006 945 etfzinT
1016 882 1053 946 F.
1076 880 1192 968 Desig-

270 1001 324 1053 net
347 989 378 1051 V
401 1012 556 1053 summam
587 990 701 1053 virium
724 991 835 1076 quibus
856 992 911 1057 sol
925 1005 958 1056 et
971 991 1065 1055 Luna
1079 1013 1192 1078 aquam

271 1102 450 1185 deprimunt
471 1100 505 1163 in
527 1100 619 1163 rectis
642 1100 724 1176 ΤΒ,
742 1100 805 1163 Tb
829 1113 865 1164 ut
885 1099 989 1185 suprd,
1010 1101 1108 1165 ervis
1130 1098 1191 1186 qud

259 1195 264 1207 ’
684 1205 1180 1285 ΗΧΡΖΑῊῈΗ

272 1244 582 1336 aquatolliturinF
601 1244 660 1309 erit
770 1308 792 1370 d
904 1292 935 1305 -
984 1290 1189 1374 deF.

274 1425 495 1507 Suppcnamus
512 1422 540 1486 F
555 1443 622 1485 esse
642 1421 745 1483 locum
761 1442 851 1505 aquae
872 1420 926 1484 ubi
949 1420 1079 1485 altitudo
1101 1444 1191 1508 aquae

272 1529 310 1591 fit
324 1528 464 1605 minima,
482 1538 523 1591 ut
543 1527 575 1590 T
591 1527 618 1590 F
639 1525 748 1589 haberi
762 1527 861 1609 possit
875 1547 934 1610 pro
950 1527 1101 1591 semi-axe
1117 1551 1192 1592 oon-

268 1637 380 1721 jugato
395 1635 507 1721 figurae
529 1633 560 1698 A
577 1633 685 1709 Bab,
709 1633 831 1697 dicatur
845 1634 981 1720 gravitas
996 1635 1029 1697 in
1045 1638 1191 1700 extremi-

274 1756 339 1807 tate
353 1743 445 1826 hujus
460 1742 527 1805 axis
543 1740 582 1819 B,
598 1753 630 1804 et
644 1742 778 1828 gravitas
793 1740 958 1805 mediocris
973 1742 1005 1803 in
1019 1740 1079 1805 hac
1091 1742 1191 1829 figurri

278 1853 322 1928 G,
337 1865 374 1916 ut
388 1849 501 1936 suprri3
525 1862 556 1914 et
570 1851 617 1912 vis
632 1848 693 1935 quai
708 1872 789 1934 aqua
803 1848 987 1932 deprimitur
1002 1848 1082 1912 infra
1096 1851 1190 1915 situm

1001 1954 1229 2060 VxTF'

272 1998 446 2061 naturalem
475 1998 508 2059 in
536 1996 607 2058 loco
637 1995 747 2059 Ferit
772 1994 867 2058 B-
889 1996 920 2058 A
947 2005 979 2072 -Ι-
1010 2042 1171 2053 .-...

1075 2056 1098 2119 d

279 2170 443 2232 Ponuntur
456 2166 507 2229 hae
521 2169 603 2231 vires
622 2166 767 2253 oequales,
791 2168 925 2252 cumque
947 2167 979 2231 T
995 2169 1022 2231 F
1044 2169 1084 2234 sit
1098 2172 1190 2257 quam

276 2314 420 2397 proxime
435 2314 563 2400 aequalis
574 2313 729 2378 distantia
743 2314 774 2389 d,
798 2313 899 2397 sitque
915 2314 944 2377 B
958 2351 1002 2363 —
1018 2314 1049 2379 G
1070 2340 1102 2374 =
1121 2280 1191 2445 {g

273 2486 1562 2653 puolonsuantig÷v=fflfffssseurr2=rf2==s21÷

276 2704 296 2783 ᾖ
312 2723 341 2761 :t
357 2706 425 2763 24:
444 2706 493 2761 11.
541 2697 637 2761 Unde
651 2697 783 2783 angulus
800 2697 827 2760 F
843 2696 875 2760 T
890 2661 1153 2783 b'eritgraduum
1169 2712 1210 2766 42
1226 2707 1417 2771 minutorum
1441 2656 1492 2785 57,
1517 2710 1562 2773 in·

275 2804 420 2889 cidetque
434 2802 498 2865 ferd
518 2802 552 2865 in
573 2816 724 2886 punctum
738 2802 878 2866 medium
891 2803 972 2867 inter
987 2803 1009 2866 b
1023 2814 1055 2867 et
1068 2806 1110 2869 A.
1158 2808 1256 2875 Hunc
1271 2814 1346 2878 verb
1361 2816 1513 2880 calculum
1531 2833 1566 2883 „t

275 2925 456 2976 accuratum
472 2934 535 2974 non
550 2912 764 2996 proponimus.
800 2976 806 2993 ,

581 3240 865 3306 puorosrrro
889 3212 1269 3314 v1.-PuouLuMA.'

275 3450 394 3513 Motum
417 3456 514 3516 maris
538 3478 576 3517 ec
597 3458 629 3519 ui
643 3458 722 3520 Solis
745 3460 914 3537 oriundum,
940 3472 969 3524 et
992 3474 1099 3526 motum
1126 3468 1263 3530 tamarem
1289 3471 1322 3530 in
1347 3470 1447 3533 orbito
1472 3469 1562 3553 qudo

316 3556 455 3638 proxime*
469 3562 613 3624 circulari
626 3566 707 3626 inter
720 3586 751 3628 se
764 3588 947 3649 comparare,
969 3580 998 3631 et
1011 3571 1082 3633 hinc
1096 3593 1244 3636 arceranon
1259 3596 1348 3657 aquo
1359 3580 1515 3641 aestimare.

317 3795 517 3861 Astronomis
539 3800 741 3868 notissimum
761 3815 809 3867 est
834 3804 937 3868 Lunae
958 3802 1137 3873 distantiam
1160 3810 1350 3877 mediocrem
1374 3815 1408 3877 in
1426 3817 1560 3903 syzygiis

273 3899 429 3965 minorem
452 3927 519 3968 esse
541 3905 686 3970 distantiis
709 3909 860 3973 mediocri
879 3912 914 3974 in
936 3914 1144 3998 quadraturis.
1192 3920 1319 3984 Clariae.
1344 3923 1499 4009 Halleyus
1520 3946 1561 3990 ex

275 4006 544 4077 observationibus
567 4014 685 4102 colligit
706 4016 886 4107 distantiam
906 4023 1043 4103 priorem
1066 4048 1133 4089 esse
1155 4027 1194 4091 ud
1215 4031 1419 4113 posteriorem
1441 4048 1477 4098 ut
1496 4041 1559 4118 44}

271 4112 314 4174 ad
329 4121 401 4198 455.
449 4119 619 4184 Newtonus
640 4123 791 4190 methodo
806 4107 947 4211 ¹quidum
970 4130 1025 4193 sud
1047 4131 1159 4196 harum
1182 4136 1334 4201 rationem
1355 4142 1475 4213 invenit
1494 4166 1561 4208 esse

272 4243 342 4285 earn
358 4234 399 4289 69
418 4228 462 4290 ad
486 4238 547 4297 70:
571 4232 709 4315 Princip.
735 4234 831 4318 Prop.
853 4235 1022 4301 XXVIII.
1046 4239 1118 4305 Lib.
1143 4242 1207 4307 111.
1232 4246 1430 4321 Clarissimus
1451 4263 1561 4315 auctor

274 4327 488 4397 Tractatio-de
499 4336 641 4400 Motibus
651 4339 753 4403 Lunae
762 4340 937 4406 secundum
947 4343 1117 4411 Ilreoriam
1126 4351 1295 4436 gravitatis,
1308 4354 1340 4415 in
1350 4355 1409 4417 hac
1418 4356 1563 4423 doctrina

272 4434 390 4519 optimd
412 4455 562 4518 versatus,
586 4444 705 4531 colligit
726 4470 795 4510 eam
810 4470 878 4511 esse
892 4452 1014 4513 numeri
1030 4462 1071 4517 69
1095 4455 1135 4517 ad
1157 4464 1217 4533 703
1240 4460 1359 4524 ratione
1374 4484 1439 4527 non
1454 4464 1560 4530 habite

272 4544 464 4610 decrementi
484 4551 643 4635 gravitatis
665 4553 742 4617 dum
764 4555 858 4619 Luna
879 4560 1023 4623 transita
1038 4564 1169 4651 syzygiis
1192 4565 1233 4628 ad
1252 4568 1468 4653 quadraturas.
1515 4574 1563 4639 Ut

271 4665 373 4717 motus
396 4652 490 4717 maris
512 4677 553 4718 ex
574 4658 605 4718 vi
629 4660 710 4722 Solis
726 4662 877 4726 oriundus
893 4664 1006 4750 (qualis
1019 4668 1115 4750 suprd
1130 4670 1279 4735 delinitur
1295 4672 1391 4761 Prop.
1409 4677 1463 4761 V.)
1487 4700 1562 4745 curu
