3384 5459
142 440 298 526 cmm]
390 456 395 474 ·
515 444 582 512 AD
605 443 829 511 TERTIUM
852 442 1052 513 LIBRUM.
1364 473 1431 516 xxv

139 631 246 683 uentro
269 616 380 683 sideris
401 617 540 685 efficiunt
552 630 649 685 rectae
664 621 695 686 A
712 621 746 698 Q
760 634 793 687 et
807 620 839 685 T
855 620 889 697 Q
903 642 945 685 ex
958 621 1052 686 oculo
1068 623 1099 687 A
1114 632 1147 687 et
1160 644 1202 687 ex
1215 634 1325 689 centro
1336 636 1431 689 terre

139 729 169 795 T
181 730 225 795 ad
244 728 356 797 sideris
377 740 520 797 centrum
535 731 569 808 Q
590 731 703 797 ductoe.
750 731 925 797 Parulluxis
939 731 1112 797 altitudinis
1127 755 1199 819 quse
1213 746 1245 796 et
1261 734 1432 819 parallaxis

138 837 321 924 simpliciter
334 837 458 918 untur,
475 852 522 905 est
535 820 713 906 riderem
725 840 808 906 inter
821 839 1005 905 distantiam
1020 840 1047 905 z
1062 840 1093 905 v
1107 818 1128 905 t
1142 840 1246 906 mm
1261 842 1288 907 z
1303 842 1430 909 211000

138 951 168 1013 A
183 950 285 1013 visum
307 962 339 1015 et
359 949 538 1015 distantiam
559 974 665 1017 veram
682 952 709 1016 Z
726 952 760 1029 S,
775 949 841 1017 sivi
856 962 905 1017 est
917 972 1009 1017 arcus
1025 950 1049 1015 S
1063 950 1095 1014 V
1108 951 1143 1013 in
1158 951 1276 1015 circulo
1289 953 1430 1017 verticuli

139 1060 163 1125 Z
180 1061 204 1125 S
221 1058 252 1125 V
268 1060 315 1139 H,
337 1059 422 1125 undd
436 1060 636 1127 menifestum
650 1074 698 1126 est
712 1060 910 1127 altitudinem
925 1059 1036 1125 sideris
1050 1082 1157 1124 verum
1170 1082 1228 1144 per
1242 1060 1428 1145 paralluxim

138 1170 236 1233 minui
262 1182 294 1234 et
318 1170 383 1255 ejus
408 1193 428 1234 a
451 1171 566 1237 vertice
590 1172 770 1237 distantiam
794 1172 913 1259 augeri,
939 1169 1032 1259 etqud
1055 1169 1129 1235 ided
1152 1170 1337 1256 purallaxim
1358 1194 1427 1237 esse

138 1278 314 1344 redactioni
329 1280 526 1345 contrariam.
565 1282 739 1347 Purullaxis
754 1281 958 1347 horizontulis
971 1294 1020 1348 est
1032 1283 1201 1369 purullaxis
1218 1283 1253 1347 X
1266 1282 1300 1361 h,
1318 1282 1428 1347 sideris

140 1392 212 1455 Pin
226 1389 391 1455 horizonte
406 1392 543 1455 sensibili
558 1392 590 1456 A
604 1392 628 1456 h
643 1392 833 1479 apparentis,

179 1506 231 1563 29.
249 1498 425 1562 Paralluxis
442 1499 466 1563 S
481 1498 511 1559 V
526 1512 574 1565 est
588 1520 737 1565 mensura
756 1499 864 1587 anguli
880 1498 1072 1585 pusnlluctici
1087 1499 1119 1564 A
1135 1499 1169 1576 Q
1184 1500 1226 1565 T.
1269 1500 1427 1589 Jungatur

139 1607 222 1686 TV,
245 1620 277 1673 et
296 1608 431 1695 mgulus
453 1620 601 1674 externus
624 1611 655 1675 A
671 1609 704 1685 Q
720 1610 753 1674 T
767 1608 895 1695 oequnlis
917 1609 978 1673 erit
991 1608 1116 1673 duobus
1131 1608 1262 1673 internis
1276 1609 1426 1694 oppositis

139 1713 265 1791 QTV
286 1727 318 1779 et
340 1715 484 1793 QVT3
507 1715 561 1781 sed
583 1716 716 1805 angulus
741 1716 867 1793 QVT
888 1714 1105 1793 sivdAVT,
1127 1716 1427 1783 evmesuenteAT

137 1833 280 1908 respectu
296 1822 329 1886 T
343 1822 385 1901 V,
401 1822 506 1887 nullus
522 1834 570 1888 est
585 1825 644 1909 (9),
661 1822 738 1911 ergd
753 1821 887 1911 angulus
907 1822 1127 1908 purullucticus
1142 1823 1174 1887 A
1191 1823 1225 1900 Q
1239 1824 1282 1902 T,'
1296 1824 1425 1909 aequulis

139 1944 183 1995 est
197 1929 315 2019 angulo
331 1929 365 2006 Q
380 1930 413 1995 T
428 1928 469 2007 V,
486 1952 543 1997 seu
559 1931 583 1996 S
597 1931 631 1995 T
643 1931 686 2009 V,
703 1931 790 2017 cujus
804 1952 953 1995 mensure
966 1941 1015 1995 est
1029 1952 1119 1994 arcus
1135 1931 1160 1995 S
1174 1931 1214 1994 V.

175 4172 227 4231 30.
251 4164 406 4229 Munente
431 4158 542 4227 sideris
567 4185 587 4227 a
613 4172 723 4227 centro
748 4170 840 4223 terrae
864 4152 1022 4233 distantid,
1050 4150 1135 4216 sinus
1159 4150 1358 4236 parallaxeos‘
1377 4164 1424 4218 est

135 4269 173 4334 ad
196 4272 300 4335 sinum
325 4270 481 4337 distantiae
502 4272 578 4335 visae
599 4270 709 4335 sideris
731 4292 751 4333 a
770 4266 887 4331 vertice
908 4265 942 4329 in
963 4262 1084 4328 ratione
1106 4259 1178 4325 daut
1201 4261 1424 4326 semidiametri

137 4380 255 4445 telluris
278 4380 319 4445 ad
340 4382 518 4447 distantiam
534 4380 643 4445 sideris
659 4403 679 4443 e
693 4389 802 4443 centro
817 4389 920 4442 terrae.
966 4374 1049 4437 Num
1063 4373 1097 4437 in
1111 4372 1270 4461 tm'angulo
1284 4373 1315 4435 A
1331 4370 1365 4447 Q
1380 4370 1422 4449 Τ,

23 4558 24 4561 ¹
136 4500 181 4550 est
203 4488 235 4552 A
251 4487 284 4552 T
304 4487 347 4552 ud
369 4487 458 4565 QT,
482 4488 515 4551 in
538 4486 659 4551 ratione
680 4482 767 4549 sinis
788 4482 897 4570 anguli
916 4479 1109 4566 puralluctici
1123 4481 1154 4544 A
1170 4481 1204 4557 Q
1219 4480 1251 4544 T
1266 4475 1322 4544 sed
1337 4478 1422 4541 sinus

135 4594 328 4679 purulluxeos
349 4595 390 4661 ed
411 4596 514 4659 sinum
536 4593 644 4685 anguli
659 4594 691 4658 T
707 4593 738 4657 A
754 4591 788 4668 Q
811 4587 875 4655 sivi
895 4586 938 4653 ud
960 4588 1062 4652 sinum
1083 4588 1240 4652 distantiae
1259 4587 1334 4651 visae
1350 4588 1376 4652 Z
1392 4588 1420 4651 V

135 4725 152 4765 u
176 4705 302 4784 vertice,
325 4718 356 4771 et
377 4702 458 4783 idet,
485 4704 567 4769 datis
590 4705 621 4769 A
645 4702 677 4769 T
698 4714 730 4769 et
757 4700 791 4777 Q
811 4700 854 4781 T,
877 4697 950 4763 data
972 4710 1020 4762 est
1040 4698 1121 4761 ratio
1143 4697 1267 4761 sinuum
1288 4696 1423 4760 illorum.
