3384 5459
275 422 322 470 xx
742 400 1077 469 INTRODUCTIO
1418 406 1518 485 [Cur.
1535 407 1562 471 1.
1680 391 1681 394 ¹

278 573 462 662 dictunque
483 587 512 639 Π
532 596 549 639 r
569 562 591 638 ι’
607 575 728 663 primus
741 575 943 655 meridianus,
958 588 991 641 et
1002 577 1065 641 ioci
1078 574 1212 663 cujusvis
1226 574 1352 640 ulterius
1366 598 1384 639 z
1397 576 1562 665 longitudo

277 680 398 745 diceuu
418 681 585 769 aequutnris
606 703 697 747 uuus
712 704 729 745 r
742 704 771 746 ae
785 682 868 747 inter
880 681 1088 747 meridianum
1102 681 1241 766 primum
1260 693 1321 792 n'r
1333 706 1355 745 n
1370 692 1403 745 et
1415 682 1562 749 meridia·

276 809 353 853 num
368 812 385 853 z
399 812 428 853 ae
441 813 463 851 π
475 812 497 877 q
510 789 571 855 loci
585 812 602 854 z
617 790 805 874 interceptus
820 788 914 876 etqud
927 788 968 853 ab
982 812 1095 855 oeousu
1109 789 1150 852 ud
1163 800 1268 853 ortum
1281 801 1474 854 numeratus.

319 905 371 961 22.
397 898 431 963 Si
451 920 509 984 per
529 898 797 987 trigonometrium
818 908 1017 962 mensuretur
1037 895 1185 961 distantia
1205 894 1400 960 zlduomm
1417 894 1560 961 locomm
1681 927 1682 946 κ

276 1026 295 1069 z
316 1016 347 1068 et
368 1004 380 1069 l
401 1006 459 1069 sub
474 1005 584 1071 eodem
605 1005 780 1070 meridiano
801 1006 933 1071 sitorum
946 1017 979 1070 et
991 1027 1054 1090 ope
1068 1003 1249 1092 quadrantis
1269 1003 1379 1068 circuli
1393 1025 1434 1067 ex
1447 1003 1560 1069 iisdem

278 1111 355 1177 locis
376 1114 579 1179 observentur
600 1113 755 1179 distantiae
771 1114 794 1179 S
812 1114 886 1179 Zet
900 1114 924 1179 S
938 1112 980 1192 V,
996 1112 1095 1178 stellae
1108 1112 1183 1178 fixae
1198 1112 1222 1179 S
1235 1134 1256 1178 a
1273 1110 1416 1179 looorum
1434 1113 1559 1179 vertici·

276 3440 307 3491 et
324 3430 347 3494 S
363 3430 399 3508 Z,
415 3430 540 3497 dubitur
554 3456 664 3499 eorum
679 3434 855 3503 differentia
868 3440 918 3505 vel
932 3464 1056 3507 summu
1069 3444 1100 3507 V
1115 3444 1152 3524 Ζ,
1168 3459 1200 3510 et
1211 3446 1287 3512 hine
1299 3449 1392 3514 datur
1406 3474 1496 3518 arcus
1510 3454 1554 3518 ln

238 3602 244 3617 ¹
274 3536 329 3621 qui
343 3538 430 3601 arcui
444 3538 475 3601 V
491 3538 518 3602 Z
531 3540 639 3605 similis
661 3557 717 3607 est.
762 3545 871 3622 Quard
884 3571 943 3635 per
956 3551 1186 3619 observationes
1200 3560 1422 3625 astronomicus
1441 3574 1554 3626 notum

274 3644 334 3708 erit
355 3655 432 3731 quot
451 3645 567 3733 gradus
589 3649 639 3713 vel
658 3650 779 3717 minuto
793 3654 827 3717 in
841 3678 917 3721 arcu
931 3657 943 3720 l
956 3680 974 3721 z
987 3660 1213 3741 contineantur,
1237 3677 1270 3728 et
1288 3687 1346 3751 per
1362 3668 1554 3755 trigonum·

273 3750 369 3815 tricus
382 3772 544 3817 mensuras
566 3754 706 3840 ejusdem
727 3758 819 3825 arcis
840 3762 1006 3851 longitudo
1023 3764 1193 3854 hexupedis
1206 3771 1258 3835 nel
1270 3773 1403 3857 pedibus
1417 3789 1471 3841 eut
1483 3778 1553 3843 aliis

273 3860 425 3923 mensuris
439 3861 521 3925 uotis
535 3861 609 3929 datu
623 3866 691 3945 erit,
707 3880 739 3933 et
752 3868 826 3935 inde
840 3871 1003 3938 inserendo
1011 3887 1049 3940 ut
1060 3898 1210 3945 numerus
1222 3883 1417 3950 minutomm
1428 3886 1462 3949 in
1474 3910 1553 3955 areu
