3384 5459
131 297 135 306 ’
245 365 269 407 x
721 338 1054 404 rumonucrro
1379 336 1477 428 [cn.
1494 337 1524 402 1.

195 516 200 524 ·
240 514 347 577 induo
360 462 587 596 hemispherii
603 510 783 575 borealem
797 510 879 587 Po,
892 512 926 574 in
941 532 1005 597 quo
1020 510 1172 595 estpars
1186 509 1320 575 borealis
1336 510 1383 589 P;
1405 526 1437 575 et
1450 535 1527 578 aus-
1657 557 1659 578 =

240 618 318 683 trale
332 618 376 682 AE
390 640 412 702 p
429 617 471 695 Q,
487 618 520 679 in
535 639 597 702 quo
613 630 661 679 est
674 616 766 700 polias
781 616 925 681 australis
938 638 971 701 p.
1041 691 1059 721 Δ
1209 651 1214 663 ⁴

282 735 312 789 3.
337 723 441 787 Stellae
455 722 595 807 singulte,
610 733 647 784 ut
662 722 695 797 S,
712 722 747 784 in
761 722 885 785 suculis
901 723 925 786 S
941 723 965 789 S
979 724 1132 808 oequatori
1143 722 1238 800 AEQ
1252 723 1419 809 parallelis,
1434 746 1525 789 com·

189 916 194 927 Ι
239 834 326 895 muni
340 832 471 916 sphaerae
486 830 619 894 coelestis
632 841 722 894 motu
735 830 853 893 revolvi
866 831 1005 916 quotidie
1019 832 1174 897 videntur.
1217 835 1307 899 Fica
1320 834 1525 899 nominantur

239 962 311 1027 quae
332 940 462 1004 eandem
484 940 566 1003 iuter
587 960 653 1031 sese
675 937 855 1002 distantiam
874 938 1028 1024 perpetuo
1042 951 1186 1016 servant3
1208 943 1348 1003 erratica
1368 940 1443 1004 verb
1465 963 1524 1005 seu

234 1050 369 1141 planeta
384 1057 534 1110 vocantur
555 1066 627 1130 quae
644 1043 806 1109 distantias
822 1054 893 1109 suas
907 1067 926 1108 a
940 1044 1012 1108 fixis
1026 1044 1060 1107 in
1074 1044 1141 1109 dies
1155 1058 1279 1127 mutant
1294 1058 1326 1109 et
1339 1059 1427 1110 motu
1444 1070 1523 1131 pro·

238 1155 308 1240 prio
337 1154 410 1219 ferri
435 1152 676 1237 conspiciuntru.
752 1151 891 1216 Planetae
923 1163 996 1216 sunt
1026 1164 1146 1236 septem
1174 1152 1238 1215 suis
1262 1154 1398 1236 propriis
1424 1154 1523 1241 siguis

237 1260 345 1337 notati,
368 1258 511 1323 videlicet
534 1256 589 1323 Sol
611 1261 654 1335 Θ,
685 1257 778 1322 Luna
814 1262 850 1335 l,
879 1256 1057 1321 Mercurius
1089 1261 1126 1334 t,
1157 1258 1266 1323 Venus
1295 1264 1331 1336 Ω,
1363 1258 1453 1323 Mars
1480 1263 1521 1338 a,

237 1354 360 1449 Jupiter
376 1368 405 1427 2l
423 1376 454 1427 et
470 1364 622 1427 saturnus
641 1365 664 1429 h
681 1386 690 1437 3
714 1362 824 1425 Terrae
837 1360 913 1425 verb
927 1363 1053 1448 signum
1066 1376 1114 1426 est
1127 1362 1189 1426 hoc
1210 1362 1247 1427 δ.
1434 1435 1441 1448 .

280 1480 311 1535 4.
333 1471 487 1552 Eclzptica
508 1452 555 1533 est
574 1469 708 1533 circulus
731 1468 864 1553 sphera
882 1469 1039 1533 nmximus
1058 1491 1151 1554 quem
1173 1481 1314 1533 centrum
1331 1471 1411 1536 Solis
1429 1485 1521 1543 motu

237 1579 367 1664 proprio
381 1578 421 1642 ab
435 1596 548 1642 occasu
563 1576 603 1641 ad
618 1588 723 1641 ortum
745 1576 875 1664 singulis
896 1576 991 1639 annis-
1008 1574 1182 1639 describere
1195 1576 1329 1641 videtur.
1374 1578 1441 1643 Hic
1458 1581 1522 1645 cir-

238 1684 327 1750 culus
354 1696 545 1771 oequatorem
566 1682 692 1769 oblique
713 1684 880 1748 intersecat
903 1683 961 1746 sub

238 1792 354 1881 angulo
379 1790 587 1857 inclinationis
613 1790 657 1854 AE
682 1790 713 1855 T
744 1790 782 1868 C,
805 1790 962 1876 graduum

239 1906 302 1981 283
337 1899 467 1963 circiter.
528 1897 650 1962 Puncta
675 1896 739 1961 duo
764 1898 908 1981 opposita
929 1897 964 1961 in

239 2008 351 2094 quibus
377 2016 517 2090 aequator
542 2018 574 2068 et
597 2003 738 2087 ecliptico
763 2004 964 2069 sese·mutud

239 2126 353 2191 secant,
379 2112 603 2195 aequinoctialia
624 2112 770 2177 dicuntur
785 2111 871 2197 quod
891 2111 964 2176 Sole

238 2222 273 2285 in
292 2220 330 2283 iis
350 2220 451 2302 posito
472 2218 539 2282 dies
560 2218 675 2304 ubique
701 2230 855 2285 terrarum
879 2220 964 2282 nocti

238 2327 366 2413 aequalis
382 2326 431 2404 sit,
447 2338 479 2389 et
492 2324 567 2388 inde
582 2336 703 2409 tempus
719 2348 782 2411 quo
795 2326 851 2390 Sol
864 2348 964 2410 punc·

238 2448 306 2501 tum
325 2434 507 2498 alterutrum
521 2432 736 2519 aequmoctiale
751 2433 885 2521 attingit,
909 2456 964 2497 vo-

239 2556 329 2609 catur
353 2539 584 2626 oeqmnoctium.
630 2540 785 2605 Punctum
806 2541 964 2626 equinoc-

238 2650 309 2713 tiale
329 2647 455 2712 vernale
474 2658 521 2711 est
542 2645 626 2711 undd
651 2647 706 2711 Sol
727 2659 814 2712 motu
833 2651 963 2734 proprio

236 2756 342 2821 vereris
359 2754 468 2839 polum
486 2753 643 2819 borealem
657 2756 797 2818 ascendit
813 2756 846 2819 in
868 2757 963 2842 eclip-

236 2864 308 2942 ties,
325 2863 502 2928 autumnale
515 2860 590 2925 verb
604 2862 688 2925 unde
702 2862 757 2927 Sol
772 2863 879 2927 versds
892 2865 1004 2948 polum
1022 2869 1190 2935 australem
1199 2872 1370 2952 descendit,
1386 2876 1523 2963 ideoque
1657 2863 1659 2942 ξ

237 2970 459 3056 mqumoctium
477 2980 525 3031 est
544 2967 669 3033 vernale
690 2968 739 3031 vel
754 2970 944 3035 autumnale.
993 2972 1115 3039 Puncta
1135 2979 1308 3041 solstitialia
1330 2993 1403 3044 sunt
1423 2984 1522 3069 eelip-
1657 3029 1658 3034 η

237 3081 307 3143 ticae
320 3090 438 3164 puncta
452 3076 516 3164 duo
530 3075 675 3161 opposita
685 3096 755 3161 quae
771 3078 925 3161 apunctis
938 3080 1205 3165 aequinoctialibus
1219 3096 1286 3147 toto
1300 3086 1407 3150 circuli
1421 3090 1522 3175 quad-

134 3222 145 3229 -
235 3198 325 3251 rante
354 3186 479 3261 distant,
502 3206 634 3271 qumque
654 3183 789 3269 proinde
811 3184 950 3249 maxime
963 3186 1114 3251 recedunt
1130 3190 1171 3253 ab
1186 3203 1344 3275 aequatore
1357 3206 1390 3257 et
1404 3197 1437 3258 in
1450 3200 1522 3283 qui.

235 3296 295 3361 bus
309 3316 456 3359 ascensus
472 3292 553 3357 Solis
564 3291 659 3377 supra
668 3304 860 3378 aequatorem
871 3306 902 3357 et
911 3294 1079 3359 descensus
1090 3296 1169 3359 iniri
1183 3298 1316 3363 eundem
1327 3303 1521 3373 terminatur.

238 3400 366 3467 Horum
386 3410 582 3485 punctorum
596 3398 683 3482 prius
704 3398 847 3463 aestivum
876 3399 1053 3484 appellatur
1076 3424 1140 3487 quo
1165 3404 1312 3487 ninnmm
1338 3402 1524 3478 tenuinatu'r

238 3506 320 3573 Solis
334 3526 478 3569 aseensus
493 3502 588 3589 suprl
601 3517 811 3587 aequatorem3
834 3506 988 3589 posterius
1009 3508 1151 3572 brumale
1166 3510 1215 3572 vel
1229 3508 1414 3595 hybernum.
1459 3518 1522 3583 Di.

236 3624 350 3677 crmtur
371 3610 542 3675 solstitialia
555 3610 641 3695 quod
657 3611 730 3675 Sole
751 3612 784 3675 in
806 3612 843 3675 iis
863 3624 1018 3690 versante,
1039 3636 1097 3698 per
1122 3614 1240 3701 aliquot
1260 3617 1326 3681 dies
1347 3643 1388 3683 ex
1407 3624 1524 3693 eodem
1657 3655 1659 3694 ;

235 3718 404 3781 horizontis
430 3727 547 3802 puncto
571 3716 656 3793 oriri,
673 3728 736 3781 ete
754 3717 893 3803 regione,
908 3718 942 3780 in
956 3718 1068 3782 eodem
1080 3733 1200 3804 puncto
1214 3722 1356 3787 occidere
1370 3726 1521 3797 videatur.

237 3826 378 3910 Tempus
401 3846 464 3911 quo
488 3822 544 3889 Sol
560 3834 678 3909 puncta
695 3823 867 3889 solstitialia
882 3826 1065 3912 ingreditur,
1089 3842 1218 3895 vocatur
1239 3831 1413 3913 solstitium,
1436 3842 1523 3924 quod

236 3931 309 3997 ideb
323 3930 372 3993 vel
387 3932 528 3995 aestivmn
543 3930 593 3994 vel
606 3931 748 3995 brumale
762 3943 819 3997 est
837 3926 841 3934 ’
1171 4018 1175 4025 4

279 4041 403 4139 diguam
427 4042 540 4105 aoeleae
564 4052 613 4103 est
636 4040 821 4105 duodezima
845 4062 918 4125 pars
944 4043 1098 4127 eclipticae
1119 4057 1151 4109 et
1173 4046 1207 4109 in
1222 4057 1264 4111 30
1277 4048 1394 4133 gradus
1413 4074 1520 4121 rursus

236 4145 393 4212 dividitur.
450 4144 548 4209 Primi
571 4148 652 4235 signi
672 4148 863 4234 principium
884 4162 932 4215 est
953 4152 986 4215 in
1007 4166 1127 4238 puncto
1141 4155 1348 4239 aequinoctiali
1363 4164 1520 4229 vernalia

238 4274 301 4341 quo
322 4251 415 4338 signa·
426 4250 466 4315 ab
482 4273 594 4316 occasu
608 4254 641 4316 in
656 4266 759 4318 ortum
778 4254 871 4339 juxt-i
891 4268 1013 4321 motum
1032 4259 1195 4343 proprium
1210 4260 1292 4324 Solis
1306 4278 1520 4334 numermrtur.

240 4360 302 4424 Sex
317 4369 390 4419 sunt
405 4354 540 4419 borealia
553 4377 610 4439 per
624 4358 781 4423 borealem
797 4360 948 4446 ecliptica
969 4376 1091 4446 partem
1105 4364 1279 4444 distributa,
1294 4366 1404 4453 hisque
1418 4376 1520 4438 nomi.

238 4463 327 4529 nibus
354 4482 391 4527 oc
416 4461 644 4527 characteribus
668 4463 847 4553 designata:
898 4467 989 4533 Aries
1014 4481 1058 4559 Ψ,
1090 4469 1215 4535 Tamus
1250 4482 1286 4551 ὅ,
1318 4475 1445 4542 Gemini
1478 4492 1518 4563 Π,
1550 4552 1555 4559 ¹
1657 4507 1658 4536 ι
