3384 5459
230 413 270 468 98
533 409 873 477 PHILOSOPHIAE
896 409 1168 477 NATURALIS
1200 408 1522 489 [Demoanassa

227 596 288 638 nor
300 575 393 641 saciet
405 589 442 641 ut
455 599 536 663 aqua
550 579 697 644 ascendat
715 579 756 644 ad
770 579 958 644 mediocrem
980 577 1174 642 altitudinem
1193 577 1226 640 in
1245 575 1349 640 medio
1364 577 1520 661 ipsorum,

228 701 261 750 et
281 689 362 752 iuter
384 689 517 755 affluxus
538 692 629 756 binos
651 691 788 754 minores
810 712 891 777 aqua
912 687 1059 754 ascendet
1078 687 1119 751 ad
1133 685 1329 750 altitudinem
1342 685 1517 750 miraimam.

231 797 284 861 Sic
297 799 398 882 spatio
411 800 521 886 viginti
535 814 669 886 quatuor
688 800 848 878 horarum,
872 822 953 885 aqua
968 820 1031 863 non
1045 798 1094 862 bis
1109 811 1145 861 ut
1159 797 1227 862 fieri
1242 796 1331 876 solet,
1347 797 1404 860 sed
1418 797 1517 860 semel

201 943 214 976 a
228 917 349 970 tantum
362 909 523 991 perveniet
536 909 576 974 ad
590 909 761 974 maximam
774 907 972 972 altitudinem
986 919 1018 970 et
1033 905 1128 970 semel
1143 904 1182 968 ad
1198 905 1376 967 minimam:
1397 915 1429 967 et
1442 901 1516 966 alti-

227 1012 306 1076 tudo
318 1017 465 1094 maxima,
481 1017 508 1082 si
523 1017 616 1082 Luna
624 1016 765 1092 ¹declinat
778 1017 812 1080 in
824 1016 933 1101 polum
947 1037 1042 1100 supra
1055 1013 1249 1078 horizontem
1263 1012 1336 1090 loci,
1351 1011 1467 1076 incidet
1479 1012 1516 1076 in

226 1119 338 1186 horam
351 1123 402 1186 vel
416 1136 536 1188 aextam
549 1125 599 1189 vel
614 1124 801 1188 tricesimam
815 1125 856 1187 ab
871 1123 1004 1209 appulsu
1019 1121 1120 1186 Lunae
1134 1120 1176 1184 ad
1190 1120 1407 1198 meridianum,
1419 1133 1514 1207 atque

228 1231 330 1296 Lunae
351 1231 589 1298 declinationem
601 1246 742 1298 mutante
756 1235 928 1300 mutabitur
943 1235 976 1297 in
990 1232 1161 1298 defluxum.
1205 1231 1350 1306 Quorum
1371 1233 1513 1297 omnium

226 1341 405 1426 exemplum
433 1342 467 1406 in
491 1355 584 1428 portu
606 1345 695 1432 regni
717 1344 880 1430 Tunquini
901 1344 942 1409 ad
965 1344 1116 1409 Batsham
1131 1344 1190 1409 sub
1209 1343 1374 1408 latitudine
1394 1342 1514 1406 boreali

227 1458 269 1513 20
282 1473 331 1537 gr.
348 1453 409 1515 50'.
455 1451 599 1517 Halleiua
620 1475 662 1516 ex
682 1465 848 1517 nautarum
871 1431 1138 1518 obseriationibus
1160 1453 1313 1538 patefecit.
1360 1453 1411 1518 Ibi
1431 1475 1513 1538 aqua

227 1558 278 1622 die
299 1561 465 1625 transitum
487 1562 590 1626 Lunae
609 1584 668 1646 per
685 1576 877 1650 aequamrem
892 1578 1040 1650 sequente
1055 1577 1187 1652 stagnat,
1203 1565 1277 1629 deln
1292 1564 1386 1629 Luni
1400 1562 1441 1627 ad
1454 1565 1513 1629 bo-

226 1693 312 1735 ream
326 1671 501 1738 declinante
515 1674 625 1758 incipit
637 1675 735 1738 fluere
749 1687 781 1737 et
795 1676 938 1752 refluere,
954 1695 1019 1738 non
1033 1675 1092 1752 bis,
1108 1675 1190 1738 utin
1201 1674 1268 1737 aliis
1280 1673 1444 1758 portubus,
1457 1673 1513 1736 sed

226 1781 322 1845 semel
337 1782 467 1869 singulis
481 1783 591 1848 diebus
599 1807 609 1858 3
633 1796 664 1847 et
678 1795 771 1847 aestus
785 1783 896 1847 incidit
909 1785 943 1848 in
958 1805 1104 1848 occasum
1119 1783 1231 1861 Lunae,
1255 1781 1398 1846 defluxus
1413 1782 1513 1850 marri·

226 1912 296 1954 mus
316 1891 350 1954 in
371 1904 485 1957 ortum.
540 1893 624 1957 Cum
645 1893 748 1957 Lunae
768 1894 975 1958 declinatione
997 1907 1130 1982 augetur
1150 1894 1203 1958 bic
1225 1907 1328 1970 aestus,
1351 1917 1450 1978 usque
1471 1893 1513 1957 ad

226 1998 310 2061 diem
331 1999 495 2083 septimam
515 2000 566 2064 vel
579 2013 730 2077 octavam,
753 1999 826 2064 dein
847 2023 906 2086 per
929 2001 1006 2066 alios
1022 2015 1141 2086 septem
1156 2002 1222 2068 dies
1237 2002 1349 2066 iisdem
1363 2003 1513 2089 gradibus

226 2102 386 2181 decrescit,
409 2106 522 2191 quibus
543 2119 635 2170 antea
656 2118 811 2183 creverat3
833 2119 866 2170 et
886 2107 978 2172 Luni
993 2107 1232 2172 declinationem
1246 2119 1387 2172 mutante
1401 2119 1512 2184 cessat,

225 2231 264 2273 ac
277 2233 353 2273 mox
366 2223 504 2276 mutatur
517 2211 551 2275 in
564 2211 735 2276 defluxum.
780 2212 898 2278 Incidit
915 2214 999 2276 enim
1013 2213 1146 2278 subinde
1161 2213 1304 2277 defluxus
1318 2215 1352 2276 in
1366 2235 1512 2278 occasum
1631 2220 1641 2234 '

227 2318 330 2382 Lunae
354 2329 387 2382 et
411 2317 544 2382 affluxus
567 2319 601 2381 in
624 2329 738 2395 ortum,
763 2317 863 2382 donec
887 2319 981 2383 Luna
1006 2319 1120 2384 iterum
1140 2329 1241 2382 mutet
1260 2317 1512 2412 declinationem.

227 2425 342 2490 Aditus
366 2423 407 2488 ad
429 2425 514 2489 bunc
534 2439 661 2511 portum
681 2426 822 2512 fretaque
842 2427 944 2491 vicina
964 2426 1083 2512 duplex
1105 2439 1200 2513 patet,
1232 2429 1311 2492 alter
1332 2429 1373 2492 ab
1394 2451 1514 2492 oceano

229 2539 352 2604 Sinensi
365 2539 447 2602 inter
462 2538 683 2602 continentem
697 2549 729 2603 et
742 2537 876 2603 insulam
886 2538 1070 2615 Luconiam,
1081 2539 1160 2602 alter
1175 2561 1195 2601 a
1211 2538 1290 2601 mari
1307 2538 1418 2602 Indico
1433 2539 1515 2602 inter

229 2647 450 2711 Continentem
464 2658 497 2711 et
517 2646 650 2711 insulam
666 2646 802 2710 Borneo.
851 2647 904 2710 An
922 2659 1015 2710 aestus
1031 2645 1131 2730 spatio
1149 2643 1299 2710 horarum
1313 2646 1480 2711 duodecim
1495 2671 1515 2711 a

227 2756 307 2818 mari
323 2753 443 2831 Indico,
460 2764 491 2818 et
505 2753 605 2838 spatio
618 2753 767 2817 horarum
782 2774 839 2817 sex
854 2776 874 2817 a
887 2755 966 2816 mari
983 2753 1107 2818 Sinensi
1120 2773 1177 2838 per
1187 2753 1267 2817 freta
1281 2753 1334 2818 illa
1344 2757 1512 2834 venientes,

229 2875 263 2928 et
282 2864 328 2928 sic
348 2863 382 2925 in
403 2861 515 2925 horam
528 2861 651 2925 tertiam
666 2875 698 2925 et
710 2883 826 2924 nonam
838 2861 981 2925 lunarem
995 2860 1176 2938 incidentes,
1200 2875 1389 2945 componant
1404 2861 1513 2948 hujus-

230 2976 316 3040 modi
338 2985 459 3048 motus3
482 2973 562 3035 sitne
581 2973 642 3034 alia
659 2971 790 3035 mariam
806 2970 932 3034 illorum
947 2970 1094 3048 conditio,
1111 2969 1377 3034 observationibus
1391 2971 1513 3035 vicino-

231 3106 302 3149 rum
315 3084 457 3146 littorum
471 3079 741 3145 determinandum
760 3079 912 3165 relinquo·

277 3193 442 3256 Hactenus
463 3210 571 3252 causas
592 3199 734 3252 motuum
755 3187 858 3251 Lunoe
880 3197 911 3250 et
932 3188 1064 3253 marium
1086 3187 1217 3254 reddidi.
1262 3189 1315 3254 De
1339 3187 1512 3276 quantitate

230 3312 372 3362 motuum
382 3297 449 3384 jam
463 3294 607 3361 convenit
621 3293 724 3380 aliqua
738 3293 936 3380 subjungere.
