3384 5459
410 426 601 494 FLUXUS
623 428 683 493 Ac
708 428 963 495 REFLUXUS
986 428 1145 495 MARIS.
1354 438 1418 495 289

134 594 222 662 sinus
242 596 423 665 elevationis
442 600 509 683 poli
530 626 562 659 =
582 599 619 677 P,
643 600 728 663 sinus
748 600 965 665 declinationis
986 601 1120 666 borealis
1142 601 1252 685 puncti
1273 600 1354 665 L:
1375 600 1423 677 Q,

131 723 207 765 nam
221 702 248 765 ai
262 702 429 769 declinatio
442 706 483 768 sit
497 706 651 783 australis,
676 708 762 771 sinus
778 707 811 782 Q
826 708 907 771 sumi
923 707 1017 771 debet
1033 707 1184 793 negative,
1209 707 1332 771 cosinus
1346 706 1420 767 verri

132 810 358 892 respondentes
380 812 442 875 sint
462 825 532 896 pet
546 837 576 899 q,
600 816 772 898 reperietur
786 815 872 878 sinus
887 815 1058 879 altitudinis
1075 817 1103 881 L
1119 837 1214 900 supra
1228 814 1420 879 horizontem

134 934 355 1007 =v=tpq
375 932 407 997 -Ι-
428 922 456 987 Ρ
474 922 525 998 Q=
548 925 718 1009 punctique
739 923 751 986 l
773 924 858 988 sinus
878 924 1047 990 altitudinis
1067 947 1087 987 v
1106 935 1138 1000 -Ι-
1158 925 1414 1008 dv=tpq÷

137 1025 215 1102 PQ
235 1036 268 1101 ÷
289 1026 464 1112 quda.
519 1028 677 1104 Quocirca
697 1030 724 1093 si
744 1029 837 1093 Luna

134 1146 273 1219 ponatur
291 1134 326 1196 in
345 1134 386 1210 L,
409 1131 839 1223 cdmcjusrisadmareat·

135 1281 310 1347 tollendum
318 1280 358 1345 sit
366 1240 607 1407 εῐὲρὲὗΐ
584 1254 635 1341 -l
643 1246 666 1365 ),
676 1285 736 1349 erit
743 1284 837 1370 hujus

135 1452 184 1516 via
204 1453 441 1519 imcrernenurm
458 1457 655 1541 tempusculo
668 1458 690 1522 d
705 1466 719 1521 l
732 1469 837 1522 ortum

135 1776 183 1839 At
196 1774 224 1840 ai
240 1774 295 1840 Sol
309 1788 444 1859 ponatur
458 1776 492 1839 in
503 1776 543 1853 L,
556 1762 622 1862 ejus
636 1778 683 1841 vis
697 1775 738 1840 ad
751 1796 837 1840 mare

135 1881 322 1947 elevandum
334 1883 529 1968 tempuscula
551 1884 573 1948 d
588 1891 602 1945 l
615 1885 717 1968 capiet
736 1883 838 1949 incre·

134 2040 275 2093 mentum
286 2068 322 2096 =
334 1991 838 2124 QEU—..j-lw.

556 2112 576 2153 a

137 2200 290 2276 Quamvis
305 2212 408 2264 autem
422 2220 482 2282 pro
497 2198 571 2264 Sole
585 2212 618 2263 et
632 2198 724 2264 Lami
738 2200 843 2265 eidem
862 2196 977 2287 aragulo
991 2199 1013 2263 d
1028 2206 1042 2260 l
1055 2220 1119 2261 non
1134 2196 1266 2283 aequalia
1279 2208 1420 2279 tempora

135 2306 355 2390 respondeant,
377 2319 483 2369 tamen
504 2306 577 2391 quia
598 2328 636 2369 ea
656 2307 800 2390 proximd
821 2307 862 2371 ad
883 2306 1035 2371 rationem
1057 2304 1240 2390 equalitatis
1256 2302 1418 2379 accedunt,

135 2428 211 2478 sunt
236 2415 319 2477 enim
345 2427 380 2476 ut
404 2420 445 2475 24
472 2412 513 2475 ad
538 2418 601 2496 24}
626 2436 682 2477 seu
708 2427 743 2478 ut
768 2422 809 2479 32
835 2415 876 2479 ad
903 2424 955 2489 88,
983 2414 1048 2477 sine
1075 2411 1213 2476 sensibili
1235 2433 1339 2473 errore
1361 2432 1419 2495 pro

136 2520 309 2606 aequalibus
338 2520 446 2584 haberi
478 2533 634 2604 poterunt
696 2522 825 2585 Interim
856 2534 960 2585 tamen
990 2523 1016 2584 si
1044 2542 1094 2583 res
1124 2517 1266 2583 accurate
1296 2519 1420 2581 deliniri

138 2630 261 2708 debeat,
300 2641 331 2694 et
365 2630 412 2691 vis
449 2628 532 2693 Solis
566 2630 792 2693 incrementum
827 2631 944 2717 angulo
1003 2628 1050 2691 dl
1087 2626 1271 2712 acquisitum
1308 2627 1347 2689 sit
1384 2651 1420 2678 =

134 2734 666 2897 QPJRRQ‘Q,
690 2775 749 2838 erit
769 2776 816 2839 vis
839 2775 940 2839 Lunae
962 2774 1188 2837 incrementum
1209 2773 1320 2835 eodem
1342 2784 1420 2835 tem·

136 2983 269 3069 pusculo
283 2944 1039 3107 acceptumfflfflffl'l'sslgffifflfl
1094 2982 1145 3046 Ex
1170 2981 1219 3045 his
1238 2979 1420 3069 intelligitur

136 3156 208 3219 haec
231 3156 422 3220 incrementa
444 3153 544 3217 tribua
569 3152 690 3215 casibus
712 3173 907 3229 evanescere,
931 3175 1063 3239 qnorum
1088 3156 1207 3241 primus
1231 3156 1334 3220 evenit
1361 3154 1420 3219 sub

136 3262 228 3346 polis,
243 3262 317 3347 quia
331 3261 375 3325 ibi
388 3272 437 3323 est
450 3280 472 3343 p
483 3288 518 3315 =
530 3269 571 3333 ος
593 3257 756 3334 secundus,
773 3259 800 3321 si
814 3271 965 3343 punctum
982 3260 1011 3325 L
1026 3262 1059 3325 in
1073 3262 1246 3325 meridiano
1261 3262 1301 3325 sit
1315 3266 1418 3337 situm,

138 3383 206 3433 tum
221 3369 304 3432 enim
317 3369 355 3455 lit
370 3367 401 3430 T
413 3394 449 3421 =
464 3376 504 3441 03
526 3365 635 3428 tertius
650 3363 784 3450 denique
798 3364 903 3427 locum
917 3365 1020 3445 habet,
1037 3367 1062 3431 si
1077 3380 1228 3451 punctum
1244 3366 1273 3430 L
1287 3367 1318 3429 in
1335 3366 1421 3429 hori·

136 3469 831 3555 zonteexiatatubiesttpqlPQ=d

180 3588 204 3665 t.
221 3592 273 3647 63.
298 3581 459 3644 Ponamus
481 3598 566 3641 nunc
589 3576 695 3639 Solem
716 3577 748 3638 in
772 3576 800 3639 L
823 3578 940 3639 versari
955 3600 991 3640 ac
1006 3578 1130 3643 Lunam
1144 3601 1201 3663 per
1214 3577 1420 3644 meridianum

133 3694 200 3777 jam
215 3690 382 3766 transiisse,
397 3689 520 3773 hocque
533 3699 694 3751 momento
709 3684 845 3749 maxime
860 3708 972 3771 aquam
987 3709 1054 3751 esse
1069 3689 1238 3763 clevatam3
1255 3689 1322 3772 jam
1337 3686 1420 3750 enirn

137 3799 330 3863 ostendimus
345 3798 422 3863 dum
439 3795 494 3861 Sol
509 3795 549 3858 ab
563 3794 724 3857 horizonte
739 3794 866 3871 recedit,
889 3816 1002 3881 aquam
1019 3820 1171 3863 summam
1192 3796 1329 3861 incidere
1350 3804 1422 3877 post

134 3907 303 3973 'transitum
323 3908 426 3971 Ltmae
447 3926 504 3989 per
526 3902 742 3967 meridianum.
788 3902 865 3966 Hoc
886 3926 961 3991 ergo
982 3920 1142 3971 momento
1164 3928 1288 3970 necesse
1307 3917 1363 3981 est,
1387 3916 1424 3967 ut

137 4017 370 4081 decrementum
381 4016 427 4077 vis
440 4013 551 4089 Lunae,
561 4010 646 4097 quod
657 4010 851 4094 tempusculo
862 4009 1041 4095 dlpatitur,
1054 4012 1173 4099 aequale
1183 4014 1223 4076 sit
1231 4013 1423 4075 incremento
1556 4086 1559 4097 .

137 4126 185 4189 vis
202 4125 283 4190 Solis
297 4124 408 4189 eodem
423 4135 563 4206 tempore
575 4132 713 4203 accepto.
747 4119 794 4184 Sit
808 4119 904 4205 igitur
914 4120 1020 4207 anguli
1032 4121 1148 4185 horarii
1159 4122 1198 4185 ad
1209 4120 1317 4205 polum
1329 4119 1423 4183 sumti

137 4254 202 4317 quo
224 4232 318 4297 Luna
333 4232 401 4315 jam
426 4253 445 4294 a
465 4228 638 4293 meridiano
660 4226 795 4302 recessit,
819 4225 943 4288 cosinus
956 4254 991 4280 =
1007 4248 1038 4305 n,
1062 4228 1147 4291 sinus
1161 4257 1196 4283 =
1211 4228 1254 4305 N,
1275 4238 1368 4311 atque
1383 4226 1424 4289 sit

138 4340 242 4403 Lunae
257 4335 471 4401 declinationis
485 4334 619 4398 borealis
633 4332 717 4396 sinus
728 4360 763 4386 =
776 4331 816 4407 R,
834 4331 957 4395 cosinus
968 4360 1003 4387 =
1016 4356 1041 4409 r,
1058 4335 1221 4419 exquibus
1237 4332 1354 4397 orietur
1369 4332 1423 4395 de·

950 4443 1154 4527 3L(npr·l·
1170 4442 1412 4528 PR)Npr‹ll

1155 4543 1178 4606 b
1191 4530 1204 4579 ⁵

137 4497 332 4549 crementum
346 4484 394 4547 vis
406 4485 508 4548 Lunae
521 4482 717 4566 tempusculo
731 4480 778 4544 dl
788 4491 893 4543 ortum
903 4508 938 4535 -·

138 4656 226 4747 quod
249 4655 321 4721 ciam
343 4655 463 4741 oequale
484 4677 550 4719 esse
573 4652 686 4717 debeat
707 4653 900 4717 incremento
914 4652 967 4715 'vis
991 4651 1073 4717 Solis
1095 4650 1206 4717 eodem
1228 4648 1424 4737 tempuscula

727 4761 778 4810 Xs
