3384 5459
160 422 463 504 InaraTrrrsus]
493 420 734 490 PRINCIPIA
758 419 1127 486 MATHEMATICA.
1392 427 1429 484 91

157 596 384 660 antecedentia.
429 594 540 659 Motus
561 595 656 658 medii
676 593 831 658 nodorum
854 593 1020 658 satellitum
1035 593 1217 656 interiorum
1231 603 1303 655 sunt
1317 590 1357 654 ad
1370 613 1437 686 mo-

154 714 224 765 tum
248 701 351 788 bajus,
377 714 414 766 ut
434 703 561 766 illorum
580 715 723 788 tempora
743 702 904 786 periodica
925 701 965 766 ad
988 715 1111 786 tempus
1133 699 1327 785 periodicum
1345 699 1438 784 hujus

154 807 334 891 (peridem
361 807 581 887 corollarium)
605 820 637 871 et
659 807 734 872 inde
757 809 883 872 dantur.
928 806 1038 872 Motus
1061 820 1167 870 autem
1188 807 1276 893 augis
1298 805 1437 870 satellitis

152 914 306 998 cujusque
326 913 361 976 in
381 914 603 1000 consequentia
622 925 671 977 est
691 911 732 976 ad
751 926 872 978 motum
886 913 1042 978 nodorum
1056 913 1151 998 ipsius
1165 913 1198 976 in
1212 912 1436 991 antecedentia,

152 1034 191 1087 ut
211 1035 318 1088 motus
342 1023 466 1111 apogaei
490 1023 592 1088 Lunae
613 1034 730 1087 noeuoe
752 1022 793 1088 ad
817 1022 910 1108 hujus
930 1035 1053 1088 molum
1073 1021 1238 1100 nodorum,
1263 1026 1332 1105 (per
1353 1022 1439 1088 idem

154 1129 279 1212 Corol.)
294 1141 328 1194 et
339 1130 416 1194 inde
429 1130 532 1198 datur.
575 1130 721 1196 Diminui
734 1143 840 1196 tamen
855 1130 949 1196 debet
962 1141 1064 1196 mottts
1079 1131 1167 1217 augis
1182 1130 1227 1194 sic
1245 1131 1388 1196 inventus
1402 1132 1438 1196 in

150 1241 275 1304 ratione
289 1247 309 1304 ὃ
324 1238 365 1302 ad
380 1249 400 1304 9
414 1239 465 1302 vel
482 1249 497 1303 l
514 1238 555 1304 ad
569 1247 590 1302 2
604 1238 736 1316 circiter,
759 1240 796 1321 (⁶)
812 1239 854 1302 ob
868 1259 993 1302 causam
1008 1261 1102 1324 quam
1122 1237 1174 1302 hic
1196 1259 1352 1322 exponere
1371 1261 1437 1302 non

151 1358 251 1432 vacat
296 1343 336 1429 (⁶)
351 1343 559 1430 AEquationss
572 1345 719 1408 maximae
731 1343 888 1410 nodorum
902 1355 934 1410 et
947 1346 1035 1432 augis
1056 1344 1193 1410 satellitis
1209 1346 1357 1430 cujusque
1371 1344 1438 1410 ferti

150 1450 296 1520 suntad
320 1451 510 1537 aequauones
533 1451 685 1514 maximas
710 1450 867 1515 nodorum
891 1462 925 1515 et
948 1450 1036 1536 augis
1062 1450 1164 1515 Lunae
1189 1451 1369 1534 respective,
1401 1464 1445 1540 ut¹

148 1573 255 1630 motus
269 1559 427 1624 nodomtm
441 1558 573 1646 ataugia
588 1559 754 1622 satellitum
763 1570 903 1644 tempore
913 1558 1005 1622 unius
1016 1557 1215 1622 revolutionis
1226 1559 1436 1650 aquationum

148 1673 305 1758 priorum,
326 1671 368 1739 ad
383 1685 487 1737 moute
499 1672 657 1736 nodorum
669 1682 703 1734 et
718 1670 841 1756 apogoei
855 1670 957 1734 Lunte
971 1681 1112 1752 tempore
1126 1668 1219 1732 unius
1233 1668 1436 1732 revolutionis

147 1779 362 1864 aequatiouum
382 1778 601 1862 posteriorum.
646 1777 686 1860 (²)
709 1775 851 1840 Variatio
872 1773 1012 1840 satellitis
1032 1796 1051 1837 e
1071 1774 1149 1840 Jove
1169 1775 1308 1860 spectati,
1327 1787 1375 1839 est
1393 1777 1436 1842 ad

145 1886 352 1950 variationem
373 1884 485 1962 Lunae,
509 1897 547 1948 ut
567 1896 640 1948 sunt
661 1882 703 1946 ad
723 1882 857 1946 invicem
878 1882 936 1946 toti
949 1893 1052 1946 motus
1066 1881 1223 1948 nodorum
1241 1863 1434 1968 temporibus

147 1995 263 2081 quibus
283 1992 408 2058 satelles
428 2004 461 2056 et
482 1992 576 2056 Luna
596 1990 638 2054 ad
661 1989 768 2054 Solem
788 1989 999 2067 revolvuntur,
1022 2011 1080 2074 per
1100 1988 1183 2054 idem
1205 1988 1412 2054 Corollarium
1422 2014 1432 2066 3

145 2103 284 2190 ideoque
297 2101 332 2165 in
345 2099 477 2166 satellite
490 2099 609 2164 extimo
623 2119 689 2161 uon
702 2108 830 2182 superat
845 2099 894 2162 5⁹.
913 2098 990 2161 lim.

143 2273 262 2322 notorum
278 2271 382 2321 utellitis
396 2271 478 2320 extimi
492 2270 560 2320 Josls
569 2285 619 2318 esse
628 2277 719 2330 mnan
728 2268 773 2317 eir-
803 2267 907 2330 prodibit
921 2269 1000 2315 motus
1014 2265 1131 2318 aeduum
1146 2265 1250 2316 satellitis
1259 2265 1380 2314 intemallo
1390 2280 1432 2313 sn-

143 2340 202 2386 etse
217 2343 274 2385 230·
286 2337 365 2384 motii·
382 2336 499 2384 sodomia
517 2335 603 2390 Luna,
617 2333 659 2380 set
673 2342 708 2380 est
722 2347 774 2380 tno-
805 2339 996 2380 norumcanttun
1007 2330 1044 2378 8⁰.
1059 2331 1104 2378 at'.
1140 2332 1180 2379 ab
1190 2331 1261 2394 liujus
1272 2329 1350 2378 seculi
1365 2330 1432 2376 initio

140 2414 181 2449 tus
191 2416 288 2448 nauus
298 2399 413 2447 nodoeam
421 2399 497 2446 Luna
510 2397 561 2446 190.
572 2397 616 2444 at'.
626 2395 688 2453 lll''.‚
696 2404 725 2442 ut
734 2396 771 2443 tli-
802 2395 896 2442 nullum
907 2397 933 2440 ln
943 2393 1011 2442 nodis
1024 2393 1150 2442 satellitum
1162 2393 1285 2456 jovialium
1299 2393 1431 2441 notibilem

144 2473 311 2524 oetasposau.
346 2457 773 2520 nmamuaptmmmtto
802 2457 1337 2506 mauultl-sohmaammuselsrlss
1353 2456 1430 2506 cassi-

142 2543 238 2576 assuuus
256 2542 297 2590 pc
315 2531 363 2576 100
379 2525 514 2588 tectamque
528 2524 645 2572 dividatur
659 2537 701 2585 per
716 2527 771 2580 tto,
803 2521 886 2570 ausin
897 2521 976 2570 Elem.
988 2521 1053 2568 Asta.

175 3444 280 3510 (‘)105.
301 3447 332 3495 Ob
347 3463 442 3496 cossom
459 3466 530 3511 quest
548 3452 585 3498 iic
597 3465 705 3512 mm
721 3468 771 3500 stoa
800 3450 929 3514 gularaiu
939 3449 1039 3514 singilis
1048 3445 1230 3498 resolutionibus
1238 3448 1319 3512 genili,
1328 3446 1427 3510 ide6que

141 3519 217 3557 sacua
253 3511 350 3558 Refssat
361 3512 378 3559 S
391 3511 476 3568 Solem,
487 3514 562 3574 sitque
574 3513 703 3570 Psatelles,
714 3515 771 3575 pati
801 3515 937 3562 eorumdem
953 3529 1053 3562 mrorem
1070 3514 1221 3560 correctiones
1234 3529 1275 3559 seu
1287 3513 1426 3574 aquationes

143 3571 216 3620 tum
235 3573 356 3621 sesolmas
375 3573 435 3623 ciret
453 3576 570 3635 planetam
589 3577 726 3637 pdsnsnam
746 3578 768 3626 T
801 3578 972 3626 maximasunt
982 3587 1010 3626 ut
1020 3577 1145 3626 satellitum
1152 3586 1257 3637 tempora
1266 3576 1425 3636 periodicsre-

142 3635 231 3684 scilicet
248 3636 352 3695 Terram,
364 3637 389 3685 in
404 3639 511 3699 ellipssns
525 3640 638 3688 umbilico
652 3641 769 3700 pusiam
801 3639 901 3702 speetisi
916 3644 968 3705 (per
986 3641 1040 3689 Cor.
1055 3645 1092 3688 16.
1112 3639 1181 3700 Prop-
1196 3637 1423 3698 ιΧν1.1.1ι1.).

143 3699 405 3760 eritBapsissomma,
424 3702 687 3767 napsisimmsitque
703 3705 769 3762 ΤΒ,
802 3701 1425 3766 Seitemposaperiodicsatotutasotusipsisngu·
1517 3697 1524 3716 '

143 3761 254 3812 dimotis
273 3765 377 3812 maxima
395 3774 421 3812 et
443 3771 466 3813 Δ
489 3767 512 3814 Τ
532 3766 640 3814 distantis
662 3767 768 3815 minime.
800 3767 1070 3832 luumpecuvifflb.
1083 3767 1125 3828 1.).
1149 3764 1425 3826 Quareineidetnquo-

141 3825 200 3874 ans
209 3825 266 3874 sesti
275 3825 324 3890 qui
335 3828 412 3876 minos
421 3829 574 3878 adimus
588 3831 609 3878 Δ
622 3831 653 3887 Τ,
664 3841 770 3890 respectu
800 3847 848 3894 qus
858 3834 947 3880 nuans
956 3841 1012 3878 suut
1022 3831 1162 3893 motiones
1171 3829 1286 3876 multae.

141 3889 259 3937 ὤιιιιιιίε
271 3891 294 3938 Τ
301 3892 332 3948 Β,
343 3889 479 3939 eslcelerius
485 3893 575 3954 apsides
581 3894 768 3956 progrediuntur,
833 3895 870 3960 (θ)
888 3900 900 3927 ¹
925 3897 1025 3944 Variott'o
1042 3897 1144 3944 muisis
1160 3909 1173 3940 e
1189 3895 1245 3942 Joos
1261 3895 1362 3952 meleti,
1379 3891 1424 3940 boc

154 3967 196 4014 pu
211 3963 262 4000 not.
280 3954 306 4001 ia
326 3955 380 4004 cor.
398 3961 422 4003 θ.
443 3956 513 4017 Prop.
533 3957 632 4006 vat.
652 3957 706 4004 Lib.
726 3957 769 4018 1.).
800 3968 842 4016 est,
859 3967 937 4006 motus
951 3959 1069 4022 augularis
1082 3956 1185 4005 satellitis
1195 3954 1425 4003 estsdmotumsu·

191 4026 227 4063 est
237 4018 384 4065 ωπιιιίοιιίι
394 4034 464 4066 causa
473 4035 544 4082 quam
553 4030 622 4068 sutor
632 4030 709 4068 mer
720 4035 768 4068 non
799 4022 906 4084 pueram
925 4021 1002 4070 Lance
1020 4031 1048 4071 ιιι
1063 4030 1119 4068 sunt
1133 4019 1163 4066 sd
1177 4018 1274 4066 invicem
1289 4018 1332 4066 toti
1347 4028 1425 4066 motus

140 4081 244 4140 exponit.
280 4080 344 4128 Cbm
360 4083 423 4129 enim
438 4085 547 4130 satellites
562 4084 629 4132 lovis
638 4094 664 4132 et
674 4084 768 4132 Saturni
799 4086 915 4134 mierum
926 4085 1068 4146 temporibus
1079 4085 1164 4146 qttibus
1177 4082 1301 4130 satelleset
1312 4081 1385 4130 Luos
1394 4081 1426 4130 ad

139 4142 202 4191 eled
217 4159 273 4191 snos
286 4144 391 4205 planetas
400 4147 521 4206 primarios
530 4145 660 4195 cumbam
669 4147 770 4196 dreuloe
802 4149 881 4196 &lem
891 4149 1048 4204 resolvuntur,
1063 4145 1111 4194 sisti
1121 4145 1207 4194 claritis
1216 4145 1242 4194 irs
1252 4146 1341 4192 ntlooe
1352 4145 1425 4194 oodo-

139 4209 189 4257 fese
203 4209 362 4257 comatae·
378 4209 472 4274 (Pissia.
488 4211 509 4257 1.
523 4219 547 4257 et
563 4210 615 4271 ΙΙ.)
627 4212 699 4259 Luna
712 4211 768 4260 sero
800 4227 854 4260 rum
866 4213 944 4260 Luna
953 4212 984 4260 ad
993 4222 1084 4258 motum
1095 4209 1323 4260 nodosumsnuuum
1334 4217 1425 4257 estem
1480 4245 1483 4256 .

140 4271 202 4319 circi
222 4273 320 4320 Terram
338 4273 364 4320 in
382 4271 457 4321 orsiti
473 4273 575 4334 ellipticsi
589 4274 727 4331 revolvatur,
743 4285 769 4322 et
800 4275 863 4336 posis
878 4275 988 4336 periodici
1003 4276 1080 4323 Luna
1090 4273 1120 4320 etl
1132 4282 1223 4336 tempus
1234 4272 1378 4332 periodicum
1388 4287 1425 4320 aa·

139 4335 768 4400 majorsitmotusnodontminorbitiellipticiquitn
799 4338 879 4386 tellilis
893 4341 946 4403 (per
962 4339 1015 4386 Cor.
1030 4345 1068 4385 16.
1092 4337 1161 4398 Prop.
1177 4337 1276 4384 Lrtvt.
1297 4335 1351 4384 Lib.
1365 4335 1387 4384 1.
1401 4346 1426 4383 et

139 4398 165 4444 in
180 4399 296 4456 circulari,
314 4401 402 4448 cotom
419 4401 528 4448 omnibns
541 4402 696 4459 mentibus,
712 4403 767 4448 binc
799 4411 848 4449 not.
862 4402 888 4448 in
904 4403 967 4450 ideas
984 4401 1084 4462 eorot).
1127 4401 1183 4450 Jsm
1199 4399 1342 4448 verbmotus
1352 4398 1425 4446 nodo-

140 4464 294 4525 motussug'a
301 4464 469 4538 cujuscumque
476 4464 581 4512 satellitis
588 4465 767 4526 persuslogiam
800 4479 853 4514 ram
865 4465 942 4513 Luna
953 4480 1046 4512 mouns
1056 4473 1091 4512 ast
1101 4465 1199 4516 69tl3t''.
1213 4474 1240 4512 ut
1255 4461 1333 4524 postei
1343 4463 1425 4510 statui-

141 4539 169 4571 ea
179 4536 248 4574 motu
256 4528 324 4589 augis
334 4527 421 4574 lunens
430 4537 545 4585 msentus,
554 4527 654 4576 diminui
663 4528 732 4576 debet
741 4528 767 4575 in
799 4538 838 4576 oar
856 4544 871 4576 s
891 4529 1013 4585 Newtonu,
1033 4528 1110 4576 nodus
1127 4539 1206 4578 antem
1223 4525 1326 4574 satellitis
1344 4525 1426 4574 extimi

142 4590 232 4638 mtioue
248 4589 320 4649 paulli
335 4590 425 4638 minore
436 4589 509 4654 quim
521 4597 531 4638 l
544 4591 576 4639 sd
586 4598 609 4648 2,
619 4592 711 4640 cuculo
720 4606 768 4640 uon
796 4591 890 4657 jovialis
910 4592 977 4640 anais
992 4601 1087 4641 ceolum
1102 4594 1195 4642 conten
1211 4590 1248 4638 80.
1262 4589 1306 4638 w.
1325 4587 1426 4651 ideisque

142 4653 242 4700 ΜΠ
253 4653 287 4700 iffi
298 4653 339 4716 ‘lul
352 4651 455 4702 XXXI·
472 4655 541 4716 Prop.
554 4655 694 4704 imm·
800 4681 879 4718 motus
903 4670 992 4718 'uadens
1003 4687 1096 4719 annuus
1110 4683 1145 4720 est
1158 4658 1231 4738 θοήν,
1248 4685 1340 4736 teinpus
1350 4672 1425 4733 perio-

175 4733 404 4800 (wulpam
413 4739 525 4786 missa.
557 4736 768 4786 Nansesrosessa·
799 4734 880 4783 dkum
925 4749 979 4783 uua
1002 4746 1037 4786 est
1060 4737 1151 4787 aarum
1173 4743 1259 4788 amal
1283 4747 1306 4785 et
1323 4735 1428 4786 satellitis
