3384 5459
226 430 298 503 ,263
487 420 753 498 INQUISITIO
777 422 982 491 PHYSICA
1008 424 1056 490 [N
1083 422 1276 491 CAUSAM

236 616 328 681 aquae
342 594 476 681 figuram
494 594 629 659 admisso
648 608 739 661 motu
751 595 866 661 diurno
881 596 992 663 Terrae
1008 620 1028 660 a
1041 595 1143 685 figuti
1157 594 1360 682 sphoeroidici
1376 618 1445 661 esse
1459 596 1526 661 dis·

237 717 443 787 crepaturam.
489 704 694 789 Quipropter
707 707 740 768 in
754 704 816 769 hoc
830 706 958 793 negotio
973 705 1113 770 sufficere
1127 718 1238 790 potest,
1257 705 1292 782 si,
1309 702 1411 769 Terri
1426 706 1527 769 instar

237 809 371 893 sphaerae
391 810 538 895 perfectae
558 811 763 890 considerati,
786 811 972 877 definiamus
992 823 1140 898 quantam
1154 811 1359 876 differentiam
1380 812 1413 874 in
1433 832 1526 897 aquae

193 965 211 974 -
238 914 341 1002 fiorini
363 914 445 980 vires
459 914 531 981 crim
554 917 635 983 Solis
656 916 724 981 trim
748 918 851 982 Lunae
871 918 1065 1003 producente
1088 915 1148 982 haic
1163 918 1246 982 enim
1260 916 1473 996 determinati,
1497 920 1525 983 si

237 1024 350 1089 Torrae
370 1037 475 1089 motus
495 1026 657 1113 vertiginis
677 1028 868 1105 restituatur,
890 1028 1092 1111 perspicuum
1112 1026 1173 1093 erit
1192 1038 1290 1093 totam
1307 1026 1441 1114 figuram
1463 1026 1523 1091 sub
1572 1008 1576 1018 ¹

238 1144 398 1217 aequutore
418 1134 634 1212 intumescere,
657 1136 716 1199 sub
736 1136 817 1220 polis
837 1148 943 1199 eutem
964 1135 1143 1211 subsidere3
1165 1136 1210 1199 ita
1229 1146 1333 1201 tamen
1353 1148 1390 1199 ut
1406 1136 1523 1222 ubique

236 1236 348 1303 eadem
369 1238 419 1303 vel
440 1239 571 1304 elevatio
591 1240 642 1305 vel
662 1240 822 1325 depressio
841 1262 934 1326 aqum
953 1264 973 1306 a
992 1242 1111 1307 viribus
1132 1242 1214 1307 Solis
1233 1241 1373 1308 Lunaeve
1386 1256 1519 1309 maneat

237 1344 383 1431 Namque
404 1347 431 1409 si
454 1345 519 1409 ulle
539 1346 633 1411 etiam
654 1348 787 1413 varietas
815 1348 850 1411 in
871 1359 950 1412 aestu
970 1350 1065 1413 maris
1087 1360 1215 1413 amotn
1229 1348 1388 1437 vertiginis
1409 1349 1519 1414 Teme
1625 1399 1628 1408 .

235 1455 462 1539 proficiscatur,
484 1478 522 1519 ea
535 1456 656 1520 calculo
669 1468 862 1521 monstrante
876 1478 1030 1543 nusquam
1043 1459 1142 1544 major
1156 1479 1224 1521 esse
1236 1468 1341 1542 potest
1357 1461 1519 1551 parteaffi

237 1560 334 1626 restris
348 1562 470 1638 totalis3
489 1562 609 1626 tantilla
622 1575 727 1627 autem
740 1562 915 1627 differentia
930 1564 1032 1627 notari
1045 1585 1111 1628 non
1125 1574 1271 1642 meretur,
1287 1586 1388 1649 neque
1399 1564 1441 1627 ob
1452 1586 1518 1627 eam

236 1689 362 1732 causam
383 1689 487 1753 operae
507 1668 645 1753 pretium
666 1681 714 1732 est
733 1684 798 1733 tum
818 1668 1020 1753 complicatos
1042 1682 1074 1734 et
1094 1671 1252 1735 abstrusos
1274 1670 1408 1735 calculos
1430 1670 1517 1745 inire,

236 1775 277 1839 ad
292 1796 371 1860 qnos
384 1774 611 1859 perveniretur,
634 1776 661 1838 si
682 1773 794 1840 Terrae
808 1776 912 1863 figura
925 1776 1073 1841 natrrralis
1088 1798 1107 1841 a
1122 1775 1272 1863 sphaerici
1287 1777 1408 1841 diversa
1422 1799 1519 1862 pone-

234 1895 332 1963 retur,
355 1897 449 1971 atqne
467 1884 595 1969 insuper
609 1884 656 1947 vis
670 1884 843 1972 centrifirga
857 1906 876 1949 a
889 1896 977 1949 motu
991 1884 1150 1972 vertiginis
1166 1884 1276 1949 Terroe
1291 1886 1324 1949 in
1339 1898 1518 1969 computum

236 1990 414 2055 duceretur.
467 2050 475 2063 ,
1351 2062 1355 2083 Ι

278 2104 303 2181 §.
319 2107 371 2163 34.
397 2095 452 2161 Ad
466 2118 594 2160 curvem
608 2096 704 2183 igitur
725 2120 745 2159 a
759 2096 800 2161 M
813 2091 882 2177 db,
906 2100 957 2165 cui
971 2120 1009 2163 ea
1022 2122 1093 2186 quae
1107 2122 1148 2164 ex
1162 2100 1257 2165 alteri
1273 2114 1363 2186 parte
1376 2103 1443 2165 axis
1464 2102 1518 2165 nb

235 2204 344 2271 similis
358 2217 406 2268 est
420 2216 452 2267 et
467 2203 604 2289 aequniis,
620 2204 898 2282 determinandam,
914 2218 1049 2291 ponetur
1062 2206 1108 2271 vis
1123 2208 1265 2271 absoluta
1279 2209 1343 2272 sive
1361 2208 1440 2274 Solis
1456 2210 1518 2271 sire

235 2314 339 2378 Lunae
361 2313 395 2375 in
419 2313 442 2376 S
463 2311 623 2375 existentis
642 2335 674 2371 =
696 2312 729 2388 S,
752 2312 897 2376 distentio
919 2312 1041 2378 OS:
1060 2336 1088 2391 a,
1113 2336 1151 2377 ac
1169 2315 1263 2378 ducta
1285 2315 1518 2378 semi-ordinatu

236 2420 277 2485 M
298 2420 327 2485 P
346 2430 475 2483 vocetur
497 2418 526 2481 C
549 2418 577 2483 P
602 2438 636 2477 =
660 2438 694 2495 x,
716 2429 749 2482 et
771 2417 855 2483 PM
877 2442 910 2479 =
928 2440 960 2504 y.
1004 2418 1057 2483 Ex
1077 2420 1267 2504 precedenti
1290 2420 1386 2507 igitur
1408 2417 1539 2505 Capite

234 2532 400 2598 habebitur
414 2531 471 2607 vis,
487 2528 549 2615 qni
562 2540 715 2613 punctum
730 2528 771 2593 M
784 2528 835 2592 vel
848 2552 868 2592 a
883 2528 957 2593 Sole
971 2526 1020 2593 vel
1036 2526 1129 2593 Luni
1142 2528 1250 2594 rersds
1264 2528 1291 2593 C
1303 2530 1465 2616 urgebitur
1479 2554 1512 2587 =

233 2638 542 2827 Ἢ
557 2678 686 2763 insuper
700 2690 804 2742 antem
818 2677 902 2741 idem
915 2690 1066 2762 punctum
1082 2676 1126 2741 M
1136 2677 1350 2743 sollicitabitnr
1371 2678 1404 2741 in
1419 2652 1516 2741 direc-

233 2891 775 3011 emmerammianos:
784 2852 1515 3037 ffi-{tffffifflp

235 3060 359 3125 Proeter
370 3060 428 3125 has
443 3062 518 3127 verb
532 3063 612 3126 vires
626 3074 779 3147 punctum
801 3059 841 3125 M
862 3060 1013 3147 gravitate
1026 3059 1164 3161 naturali
1169 3058 1328 3123 *deorsum
1347 3058 1515 3141 pelliturvi

239 3174 305 3229 :1
331 3166 503 3231 secundnm
525 3168 727 3231 dimcdonem
749 3166 790 3231 M
807 3167 845 3242 C,
859 3167 911 3231 ita
934 3179 970 3229 ut
991 3178 1143 3249 punctum
1170 3164 1210 3228 M
1237 3164 1276 3227 ab
1296 3164 1440 3229 onmibus
1468 3164 1514 3229 bis

231 3274 352 3339 viribus
377 3275 567 3360 conjunctim
591 3275 626 3338 in
650 3271 820 3337 directione
846 3271 885 3337 M
910 3271 938 3337 C
963 3271 1109 3335 deorsum
1136 3282 1284 3358 urgeatur
1309 3270 1340 3333 vi
1368 3294 1401 3329 =
1433 3268 1508 3345 Η-

234 3384 257 3447 S
280 3388 315 3469 (y
368 3420 412 3433 -
426 3391 446 3446 2
461 3405 485 3447 x
498 3383 535 3463 x)

231 3503 250 3545 a
285 3484 317 3545 Μ
332 3487 402 3567 (xx
418 3493 451 3558 ÷
466 3504 488 3568 y
501 3482 536 3568 y)

231 3631 402 3697 nemone
423 3594 1407 3782 munufffixxfflfflffl4(}{‡}}};
1436 3650 1512 3718 qm

230 3825 303 3867 rum
341 3804 476 3869 duarum
518 3807 631 3871 virium
674 3806 701 3869 si
746 3805 786 3870 M
825 3804 858 3869 N
899 3816 1034 3889 ponatur
1076 3801 1181 3865 media
1224 3799 1364 3880 directi0,
1409 3801 1515 3887 prodi·

230 3912 278 3977 bit
312 3938 370 4000 per
405 3918 530 4005 regulas
567 3914 798 4002 compositionis
833 3914 936 3979 motirs
972 3910 1079 3999 anguli
1117 3910 1145 3974 C
1177 3910 1217 3975 M
1242 3908 1275 3975 N
1309 3922 1441 3999 tangens
1477 3936 1509 3971 =

360 4021 895 4109 SSy(2ax44xx-yy)

231 4226 309 4303 tuti,
329 4230 428 4318 iisque
448 4234 587 4297 terminis
601 4231 751 4319 neglectis
765 4230 798 4294 in
813 4252 948 4317 quorum
963 4230 1246 4296 denominatoribus
1263 4254 1282 4298 a
1301 4228 1515 4317 pluresquim

1214 4342 1436 4526 awiddi
1452 4440 1513 4527 rr)

227 4593 268 4660 4
287 4549 664 4738 -Ξ-ἲηῖέῖἓξζ-ζᾶ,
681 4609 752 4678 quoe
767 4601 815 4657 est
827 4610 866 4655 ea
879 4590 947 4677 ipsa
960 4586 1102 4669 formula,
1120 4586 1242 4677 quivis
1258 4586 1298 4651 M
1315 4588 1345 4653 R
1360 4585 1515 4673 exprim

559 3420 615 3487 nbi
635 3422 678 3486 ob
702 3429 716 3485 l
743 3442 875 3507 sequens
897 3418 1048 3483 terminus
1071 3420 1139 3485 tuti)
1161 3418 1277 3525 negligi
1298 3428 1412 3503 potest,
1434 3429 1465 3481 et
1481 3417 1514 3480 in

1024 4104 1033 4136 ,
1061 4078 1131 4145 qnae
1154 4054 1305 4120 divisione
1330 4068 1403 4121 aotu
1428 4056 1514 4121 insti-

231 4385 365 4461 quatuor
379 4379 498 4445 obtinet
512 4378 730 4459 dimensiones,
746 4378 811 4443 abit
824 4379 858 4443 in
872 4378 954 4443 hene
968 4380 1199 4465 expressionem
