3384 5459
444 440 635 507 FLUXUS
656 441 717 505 Ac
741 440 995 507 REFLUXUS
1018 439 1176 506 MARIS.
1391 447 1453 502 uls

210 616 234 692 i.
258 618 310 677 92.
342 608 418 685 Qut>
438 623 542 677 autern
564 621 629 673 tam
650 609 691 674 de
712 609 761 673 bis
783 607 1000 693 pboeuomenis
1022 605 1116 694 quim
1139 606 1265 692 reliquis
1287 604 1400 669 certius
1422 618 1454 672 et

166 713 296 782 solidius
313 715 456 799 judicate
477 736 637 800 queamus,
660 717 764 800 ipsum
784 729 906 779 motum
927 715 1169 801 progressivum,
1197 734 1290 798 quem
1312 735 1392 797 aquo
1413 714 1453 777 ab

167 833 246 886 aestu
261 822 380 906 recipit,
396 822 658 907 investigabimus.
705 819 788 887 Cirm
801 823 886 886 enim
900 844 981 907 aqua
996 820 1107 885 eodem
1122 820 1192 884 loco
1206 841 1291 883 nuno
1305 820 1452 896 elevetur,

53 918 57 924 ’
165 953 252 994 nuno
273 930 422 1008 subsidat,
445 952 572 995 necesse
586 942 634 994 est
648 942 684 995 ut
704 930 803 1015 priori
825 952 898 995 casu
914 952 995 1017 squa
1008 928 1135 993 aliunde
1150 927 1265 1005 effluat,
1288 929 1454 1011 posteriori

166 1039 242 1105 verb
271 1041 311 1103 ab
340 1039 451 1104 eodem
481 1039 552 1102 loco
581 1038 706 1116 defluat,
737 1038 822 1103 unde
851 1038 977 1109 nomina
999 1036 1106 1105 fluxus
1125 1058 1162 1101 ec
1191 1036 1328 1131 reilruirs
1358 1035 1453 1123 origi-

165 1172 241 1213 nem
255 1160 427 1213 traxerunt
456 1147 675 1233 Repraesentet
684 1148 743 1235 igi·

165 1268 220 1321 tur
253 1270 393 1341 tempore
420 1276 607 1343 quocunque
639 1254 741 1343 figura
1097 1284 1127 1339 Α

166 1363 740 1450 ADBEstatumaquoetotam
930 1382 967 1439 Μ
1085 1346 1259 1425 {Dr-'ll

1071 1415 1434 2221 {lq

1110 2089 1413 2452 tr

167 1467 301 1530 Terram
316 1465 490 1544 ambientis,
506 1466 549 1530 ita
562 1479 598 1531 ut
615 1468 649 1528 in
662 1465 739 1529 locis

165 1574 197 1635 A
219 1585 252 1637 et
269 1573 298 1638 B
313 1595 394 1657 aquo
407 1572 542 1637 maxime
556 1573 596 1637 sit
610 1570 738 1649 elevata,

164 1683 199 1747 in
219 1680 295 1749 locis
317 1679 392 1747 verb
413 1681 523 1747 mediis
544 1681 585 1745 ab
608 1681 638 1745 A
656 1692 689 1745 et
710 1679 740 1744 B
847 1494 1107 1952 ‘¹

166 1790 444 1909 aequidistantibus,
460 1789 596 1853 maxime
611 1787 739 1872 depres-
925 1681 1107 2060 ἦ

167 1918 212 1959 sa.
259 1896 336 1960 Post
349 1894 475 1981 aliquod
493 1908 617 1980 tempus
638 1906 739 1959 traus-
830 1973 832 1976 Ι

164 2002 739 2069 feraturoestussummuseertB
806 1999 859 2418 ι

165 2109 739 2197 msetbsitqueanEfigura
1001 2075 1108 2450 Α

166 2243 258 2307 aquae
273 2222 406 2285 Terram
420 2220 655 2286 circumdantis:
677 2220 739 2284 hoc

785 2412 802 2466 0

165 2332 262 2419 igitur
281 2345 421 2417 tempore
441 2352 566 2395 necesse
588 2342 643 2407 est,
667 2342 702 2394 ut
720 2353 739 2393 a

164 2448 255 2519 parte
269 2437 378 2501 oceani
392 2436 426 2501 D
438 2437 464 2500 F
475 2436 640 2501 defluxerit
649 2457 740 2522 oquoe
802 2452 811 2465 ·

166 2544 258 2629 oopio
280 2545 540 2621 FAMDmu
563 2546 597 2608 in
617 2556 740 2629 partem

164 2650 242 2714 verb
267 2650 294 2714 F
317 2651 346 2714 E
371 2651 554 2714 tantundem
580 2672 669 2736 aquae
694 2648 738 2713 as·
881 2611 977 2725 Α

164 2758 301 2835 fluxerit,
312 2758 417 2842 portio
427 2759 543 2823 seilicet
555 2758 644 2823 FaN
651 2759 737 2823 Ene:

165 2865 259 2931 simili
274 2865 370 2931 modo
388 2867 493 2949 portio
512 2866 541 2930 E
556 2866 590 2931 G
603 2866 740 2953 rlec'rovit

165 2973 257 3057 copia
270 2994 361 3059 uquae
376 2972 598 3059 EPBGgp
613 2974 780 3060 portioque
795 2972 1086 3061 GDaugmentum
1097 2974 1217 3059 accepit
1233 2972 1454 3059 GbQqu.

168 3084 203 3147 Si
223 3104 309 3147 nunc
329 3104 483 3167 ponamus
504 3084 680 3166 portionem
703 3084 730 3149 F
746 3083 787 3149 M
799 3104 833 3147 ιιι
851 3082 983 3149 transire
1000 3082 1033 3145 in
1051 3082 1154 3152 locum
1178 3084 1206 3149 F
1221 3083 1253 3147 N
1268 3105 1300 3160 n,
1324 3104 1361 3147 oo
1380 3103 1454 3165 por·

113 3272 121 3283 ⁸
165 3191 283 3255 tiorum
304 3190 336 3254 E
351 3188 415 3274 Pp
434 3191 469 3253 in
491 3189 568 3255 EN
583 3212 604 3252 n
626 3189 751 3267 deferri,
774 3190 849 3255 satis
870 3188 953 3253 clare
975 3202 1097 3255 motum
1110 3210 1201 3275 aqure
1223 3189 1455 3275 progressivum

164 3296 340 3383 intelligere
360 3296 475 3359 licebit
521 3294 604 3361 Cum
617 3297 702 3361 enim
716 3308 822 3361 motus
837 3318 928 3381 aquae
943 3317 1074 3361 summae
1090 3296 1121 3359 A
1136 3294 1193 3359 fiet
1207 3296 1246 3358 ab
1262 3308 1334 3357 ortu
1353 3294 1386 3357 in
1401 3314 1454 3355 oc-

165 3424 284 3481 casmu,
306 3425 388 3490 aqua
407 3425 479 3490 que
500 3404 583 3467 circa
597 3405 628 3467 A
643 3402 753 3469 versus
767 3404 920 3470 orientem
935 3404 1052 3469 scilicet
1072 3402 1113 3466 ab
1136 3403 1175 3467 M
1190 3403 1231 3466 od
1249 3404 1278 3465 N
1294 3424 1392 3487 usque
1407 3413 1455 3465 est

164 3510 233 3587 sita,
255 3511 289 3575 in
305 3532 451 3575 oceasum
471 3510 667 3576 movebitur:
692 3509 894 3594 similiterque
909 3530 946 3573 ea
961 3530 1032 3595 quae
1047 3508 1121 3572 huic
1135 3530 1153 3571 e
1168 3508 1320 3573 diametro
1335 3522 1382 3571 est
1396 3530 1453 3593 op-

164 3620 266 3704 posita
279 3633 312 3703 rt
326 3621 461 3707 spatium
476 3621 703 3705 Pooecupe
741 3618 861 3687 coner
872 3619 946 3693 vero
961 3621 1081 3708 reliqua
1095 3642 1176 3707 aqui
1190 3621 1222 3683 n
1239 3620 1322 3697 ruo
1336 3632 1367 3685 et
1383 3620 1414 3683 N
1426 3602 1462 3685 r'
1542 3680 1545 3689 ,

164 3742 313 3795 cmteuta
341 3731 376 3793 in
404 3742 508 3797 ortum
536 3718 782 3817 promovebitur.
841 3730 962 3799 Verum
990 3733 1130 3802 celeritas
1159 3733 1275 3818 ubique
1300 3754 1366 3797 non
1394 3734 1453 3797 erit

164 3838 294 3913 eadem
315 3840 350 3903 in
362 3841 488 3923 punctis
502 3841 586 3905 enim
605 3842 654 3919 M,
672 3842 714 3919 N,
731 3841 759 3906 P
774 3855 806 3907 et
821 3842 855 3917 Q
869 3842 985 3928 quippe
999 3844 1149 3911 limitibus
1171 3845 1251 3908 inter
1267 3856 1369 3907 motus
1383 3864 1453 3907 ver·

168 3944 221 4009 sus
237 3957 341 4009 ortum
362 3958 393 4011 et
415 3947 546 4024 obitum,
563 3948 703 4012 celeritas
715 3948 774 4011 erit
784 3948 880 4026 nulls,
893 3949 1006 4017 deinde
1021 3951 1061 4015 ab
1074 3950 1114 4017 M
1129 3972 1225 4036 usque
1241 3950 1282 4013 ad
1299 3951 1325 4015 F
1337 3964 1454 4015 crescet

164 4054 280 4140 ubique
294 4056 338 4119 ita
352 4069 388 4121 ut
401 4056 593 4125 incrementa
607 4058 772 4123 celeritau‘s
788 4059 960 4143 inponetis
974 4060 1084 4126 mediis
1099 4072 1136 4125 ut
1150 4062 1181 4125 A
1192 4059 1256 4125 sint
1270 4058 1452 4125 differentiis

165 4163 195 4226 ‘A
211 4160 230 4224 s
237 4165 503 4247 proportionalis:
526 4167 567 4230 ab
590 4168 618 4233 F
638 4167 715 4231 verb
728 4190 827 4254 usque
841 4168 882 4233 ad
898 4168 930 4235 N
945 4168 1085 4236 celeritas
1100 4167 1280 4233 decrescere
1296 4166 1398 4247 debet,
1421 4182 1453 4235 et

163 4271 397 4381 ‹berqmentum
417 4276 583 4342 celeritatis
597 4280 630 4340 in
645 4302 663 4342 e
676 4279 737 4343 erit
750 4290 787 4343 ut
800 4302 820 4343 a
834 4301 870 4355 e;
894 4280 1048 4365 sinrilique
1069 4278 1166 4343 modo
1180 4289 1379 4361 comparatus
1392 4279 1454 4343 erit

163 4394 268 4446 motus
277 4369 316 4446 'in
331 4383 456 4471 reliquis
470 4386 667 4469 portionibus
680 4386 791 4473 figurae
805 4388 986 4472 propositae.
1341 4448 1345 4455 .

207 4492 231 4567 l.
247 4497 300 4553 98.
325 4490 360 4554 si
374 4490 443 4555 haec
457 4490 636 4578 diligentiis
650 4514 876 4580 prosequamur
890 4516 927 4559 eo
941 4505 1092 4577 punctum
1111 4516 1131 4557 a
1150 4494 1210 4578 ipsi
1226 4495 1259 4559 A
1268 4495 1452 4579 ¹proximum

118 4624 129 4647 ο
162 4615 328 4679 ponamus,
352 4600 543 4682 reperiemus
564 4602 598 4665 in
619 4602 694 4675 loco
708 4623 897 4688 quoeunque
913 4603 953 4669 M
967 4602 1036 4667 fore
1056 4604 1254 4670 intervallum
1271 4604 1355 4673 Mur
1371 4601 1452 4667 sinui

163 4702 254 4789 dupli
268 4708 376 4794 anguli
393 4707 433 4772 M
446 4707 473 4771 C
485 4710 517 4790 A
531 4710 775 4795 proportiormle.
819 4712 928 4788 Quare
943 4712 969 4777 si
985 4712 1091 4801 anguli
1107 4716 1138 4780 A
1155 4714 1183 4779 C
1199 4714 1243 4802 Μ,
1254 4714 1338 4779 sinus
1353 4732 1451 4796 pona-
1480 4736 1481 4739 ¹

978 2715 1112 2818 o!
