3384 5459
255 390 301 455 κῆ
725 395 1060 463 mnnonnc‘rto
1107 484 1114 495 .
1384 396 1483 474 [eu.
1500 396 1528 459 1.

247 564 311 629 culi
335 564 469 649 sphaeroe
494 566 621 631 maximi
644 586 701 650 per
726 566 1034 650 poloseclipticaeet
1053 564 1233 649 persidem
1255 574 1459 640 transeuntes,
1480 575 1530 629 ct·

247 670 307 745 nud
325 670 397 735 idcd
414 670 564 755 eclipticoe
579 670 861 757 perpendiculares.
907 670 997 737 Hinc
1016 673 1147 735 latitudo
1166 668 1276 735 sideris
1296 682 1344 738 est
1361 691 1455 736 arcus
1469 671 1533 738 cir-

247 778 309 845 culi
323 777 492 845 latitudiuis
507 778 587 843 inter
601 776 690 845 sidus
704 790 736 844 et
749 776 923 861 eclipticam
938 776 1138 862 interceptus.
1168 776 1343 859 Longinam
1358 775 1468 843 sideris
1481 789 1533 843 est

245 904 338 949 cecus
360 883 511 973 eclipticoe
524 884 565 947 ab
581 884 697 949 Arietis
719 884 807 955 initio
828 882 936 951 versis
950 897 1055 951 ornum
1069 907 1125 953 seu
1139 885 1173 950 in
1187 883 1408 969 consequentia
1427 885 1529 970 usque

246 990 288 1055 ad
316 988 485 1057 latitudinis
514 990 664 1057 circulum
692 1006 883 1059 numeratus.
940 994 1096 1059 Punctum
1120 986 1346 1082 intersectionis
1372 992 1529 1079 eclipticae

248 1116 321 1161 cum
335 1096 630 1163 ciicnlolutitndiuis
642 1098 752 1167 sideris
767 1100 881 1165 dicitur
895 1100 982 1167 locus
997 1102 1116 1179 sideris,
1126 1100 1297 1187 eclipticus,
1313 1098 1377 1167 sive
1390 1100 1480 1168 locus
1495 1103 1529 1170 in

247 1198 399 1285 eclipticd,
415 1203 463 1267 vel
478 1200 565 1270 locus
580 1205 621 1271 ad
636 1206 809 1291 eclipticam
823 1206 982 1275 reductus.

288 3407 318 3461 8.
342 3397 377 3461 Si
392 3415 450 3480 per
467 3394 572 3459 locum
587 3396 726 3480 quemvis
744 3395 767 3459 S
785 3394 818 3459 in
833 3350 997 3479 superficie
1013 3406 1105 3459 terre
1119 3392 1252 3459 ducatur
1270 3416 1328 3480 per
1347 3406 1440 3460 terroe
1455 3420 1529 3463 cen-

242 3515 329 3567 trum
345 3502 376 3567 T
390 3500 472 3565 linea
487 3514 572 3565 recta
587 3500 614 3565 Z
632 3502 654 3565 S
670 3500 703 3565 N
718 3522 789 3586 quae
805 3498 938 3585 sphaerae
952 3500 1070 3565 coelesti
1085 3514 1228 3566 occurrat
1241 3503 1313 3567 inZ
1328 3515 1360 3568 et
1371 3502 1414 3582 N,
1429 3526 1529 3589 punc·

240 3624 307 3673 tum
332 3609 358 3673 Z
381 3607 494 3671 dicitur
507 3606 609 3671 lociS
629 3608 729 3671 zenith
744 3630 800 3687 seu
814 3618 934 3683 vertex,
955 3620 987 3670 et
1007 3619 1159 3693 punctum
1182 3606 1216 3673 N
1241 3620 1369 3672 vocatur
1390 3609 1529 3695 ejusdem

239 3716 301 3782 loci
324 3716 426 3779 nadir.
472 3714 614 3776 Horizon
634 3712 782 3777 sensibilis
798 3736 853 3776 seu
871 3734 1027 3797 apparens
1049 3713 1111 3777 loci
1135 3714 1168 3790 S,
1186 3727 1233 3777 est
1245 3712 1379 3798 sphaerae
1393 3717 1528 3781 circulus

240 3820 264 3883 h
279 3843 298 3883 v
314 3843 332 3883 r
346 3842 368 3883 x
383 3832 525 3885 centrum
538 3819 658 3884 habens
673 3820 706 3882 in
723 3820 756 3897 S,
773 3831 804 3883 et
818 3818 909 3904 polos
923 3818 957 3881 in
973 3818 1000 3882 Z
1014 3831 1047 3883 et
1060 3818 1103 3882 N.
1139 3820 1282 3883 Helicon
1295 3823 1457 3887 ratiomlis
1470 3846 1527 3888 seu

240 3948 333 3990 verus
355 3940 402 3992 est
422 3926 557 3992 circulus
579 3927 618 3992 H
632 3928 663 3990 V
680 3928 711 3990 R
734 3926 779 4005 X,
795 3939 939 3991 centrum
957 3925 1076 3992 hebens
1090 3928 1123 3992 in
1139 3928 1180 4008 T,
1197 3942 1228 3994 et
1242 3930 1331 4014 polos
1345 3931 1379 3997 in
1394 3932 1466 3997 Zet
1481 3932 1524 4011 N,

243 4033 378 4121 ide6que
392 4033 546 4099 horizonti
561 4034 698 4101 sensibili
712 4032 890 4119 parallelus.

287 4146 423 4207 ciratus
443 4146 594 4209 verticulis
614 4157 663 4210 est
683 4143 818 4208 circulus
841 4144 972 4230 quilibet
994 4145 1147 4210 maximus
1164 4146 1191 4209 Z
1206 4146 1238 4207 V
1252 4146 1285 4209 N
1300 4146 1334 4210 X
1348 4167 1406 4231 per
1420 4144 1524 4213 zenith

241 4251 336 4337 atqud
353 4251 445 4315 nadir
459 4264 490 4317 et
502 4272 560 4337 per
574 4253 658 4318 aliud
673 4252 892 4339 quodcumque
912 4265 1064 4338 punctum
1078 4255 1113 4318 in
1127 4253 1249 4339 sp'haerd
1265 4253 1423 4320 mundant
1440 4266 1525 4319 tran·

239 4358 332 4434 siens,
349 4359 484 4444 idedque
499 4358 652 4442 horizonti
667 4358 943 4444 perpendicularis.

281 4464 476 4528 Mmdianus
497 4477 545 4529 est
565 4467 699 4531 circulus
722 4468 876 4534 verticalis
903 4471 931 4535 P
949 4472 976 4535 Z
993 4471 1025 4535 N
1042 4472 1073 4536 R
1094 4494 1152 4556 per
1172 4470 1262 4556 polos
1281 4470 1390 4538 mundi
1414 4474 1522 4557 Pctp

238 4572 400 4649 transiens,
424 4592 461 4636 ac
484 4559 618 4655 proindd
640 4577 789 4659 aequntori
811 4576 1078 4661 perpendicularis
1091 4591 1125 4642 et
1138 4578 1272 4647 circulos
1287 4602 1395 4643 omnes
1415 4603 1520 4666 oequa·
