3384 5459
430 450 620 518 FLUXUS
641 453 703 519 AC
727 452 979 521 REFLUXUS
1001 452 1159 521 Martis
1370 466 1433 526 ‘279

153 618 239 683 dieat
253 640 366 704 aquam
386 618 466 682 infra
479 630 594 683 statum
607 621 781 686 natumlem
795 622 972 686 consistere.
1017 618 1208 707 Namque
1174 642 1246 687 cum
1270 622 1298 687 P
1319 622 1434 709 ubique

152 727 195 790 sit
208 727 313 790 minor
325 727 445 791 unitate
458 728 519 791 nisr
509 727 615 792 ''sub
605 728 681 812 rpsis
695 729 787 813 polis,
803 752 841 793 ae
856 728 1021 793 declinatio
1036 729 1137 795 Lunae
1147 751 1320 846 nunquam
1317 730 1357 797 ad
1370 741 1433 799 80⁰.

154 854 318 919 assurgere
338 832 446 916 possit,
469 854 511 897 ex
531 856 595 919 quo
616 834 650 909 Q
675 835 751 916 <l
776 847 809 899 et
828 835 862 912 Q
877 835 910 910 Q
936 842 973 911 <
987 838 1016 916 l
1032 835 1091 898 ent
1105 846 1124 899 0
1141 834 1194 901 Ρ
1208 834 1267 913 Q
1282 806 1435 921 perpetuo

153 944 274 1008 unitate
288 944 410 1019 minor3
432 942 567 1031 ideoque
580 944 634 1008 illa
647 945 807 1029 expressio
820 945 972 1031 negativa.

198 1055 224 1132 0.
238 1058 290 1115 49.
313 1049 367 1113 De
387 1048 508 1113 ratione
528 1060 633 1113 autem
647 1050 826 1120 elevationis
840 1072 930 1135 aqum
944 1052 976 1115 iu
991 1072 1106 1137 genere
1122 1050 1262 1136 judicare
1275 988 1380 1117 lioebit
1393 1076 1434 1119 ex

154 1194 289 1259 sormulri
303 1156 901 1322 ψψΙᾲ--η
646 1178 666 1216 v
681 1162 727 1320 (59
730 1180 842 1321 ῥ’
856 1160 890 1237 3)
934 1220 989 1261 seu
1012 1193 1084 1261 edm
1107 1199 1259 1282 posterior
1283 1200 1432 1263 terminus

155 1405 211 1468 vix
225 1404 264 1467 sit
278 1401 440 1479 senshrilis,
456 1423 497 1465 ex
511 1401 579 1467 solo
592 1400 697 1486 priore
711 1363 976 1531 {stiffi-ll,
1029 1406 1081 1471 Ex
1101 1405 1162 1470 luic
1182 1418 1285 1471 autem
1307 1430 1434 1494 expres·

155 1578 244 1643 sione
262 1577 445 1664 intelligitur
458 1597 548 1662 aquae
562 1574 766 1643 elevationem
777 1597 798 1638 a
811 1574 876 1639 soli
892 1576 1088 1665 elongatione
1103 1578 1204 1643 Lunae
1219 1579 1259 1643 ab
1272 1577 1434 1659 horizonte

153 1685 303 1771 pendere,
326 1686 391 1749 sive
412 1684 505 1749 Luna
519 1684 559 1747 sit
573 1704 666 1768 super
680 1682 746 1745 sive
760 1683 818 1747 sub
831 1683 1003 1763 horizonte,
1026 1686 1139 1751 retinet
1151 1688 1235 1750 enim
1251 1698 1270 1752 8
1286 1710 1339 1753 ιι
1356 1724 1396 1741 ·-
1415 1700 1429 1755 l

154 1792 291 1856 eundem
304 1791 442 1855 valorem
455 1791 520 1853 sive
533 1812 554 1853 ι
568 1790 609 1853 sit
623 1788 840 1853 affirmativum
854 1790 918 1854 sive
931 1792 1118 1879 negativum.
1162 1794 1287 1857 Deinde
1306 1797 1380 1880 quia
1397 1798 1434 1861 fit

156 1908 213 1963 3ι
226 1920 247 1961 v
259 1906 332 1961 -1
359 1922 390 1957 =
410 1897 472 1960 Osi
494 1896 587 1958 Luna
608 1894 648 1958 ab
669 1893 830 1959 horizonte
851 1895 944 1961 distet
962 1920 1038 1962 arou
1053 1906 1116 1963 35⁰.
1134 1902 1203 1975 16‘,
1225 1911 1291 1963 tum
1307 1922 1388 1985 aqua
1402 1903 1436 1967 in

155 2006 226 2090 ipso
240 2017 322 2069 statu
336 2003 470 2067 naturali
483 2003 543 2066 erit
561 2002 737 2080 constituta,
758 2024 861 2087 neque
875 2002 992 2069 elevata
1006 2026 1107 2089 neque
1121 2004 1277 2087 depressa.
1323 2006 1435 2071 Eleva-

155 2116 241 2180 bitur
255 2135 332 2201 ergo
345 2134 437 2199 aqua,
460 2109 532 2176 edm
555 2111 648 2174 Luna
661 2110 742 2175 ultra
757 2108 821 2175 85⁰.
839 2113 898 2174 16‘.
914 2110 963 2175 vel
977 2133 1071 2196 supra
1084 2110 1132 2175 vel
1147 2110 1228 2173 inira
1242 2111 1435 2179 horizontem

155 2235 305 2299 versetur,
327 2245 345 2286 e
368 2220 525 2287 contrario
548 2231 652 2283 autem
673 2219 864 2303 deprimetur
878 2220 1005 2305 quando
1027 2220 1128 2284 Lunae
1142 2221 1182 2285 ab
1196 2222 1358 2285 horizonte
1373 2222 1435 2287 dis·

148 2332 255 2401 ⁴tantia
274 2331 378 2393 minor
398 2340 446 2393 est
470 2326 563 2413 qurbn
588 2335 652 2391 85⁰.
674 2327 733 2391 16‘.
778 2325 920 2389 Omnino
940 2338 1043 2391 autem
1058 2348 1138 2413 aqua
1152 2327 1287 2391 unximd
1302 2329 1361 2392 erit
1382 2328 1437 2392 de-
1480 2380 1486 2393 .

155 2463 265 2526 pressa
278 2440 354 2503 dum
368 2438 484 2502 Luna
476 2458 579 2521 ipsum
592 2436 785 2499 horizontem
799 2449 940 2522 occupat,
960 2436 1083 2523 hocque
1097 2448 1236 2522 tempore
1250 2438 1331 2502 infra
1344 2440 1437 2503 situm

156 2587 330 2652 naturalem
341 2582 480 2649 subsidet
493 2544 729 2648 intervalloL
671 2628 815 2709 W..
782 2592 866 2660 ·.=‚1
893 2590 951 2645 111
975 2582 1093 2667 pedum
1115 2587 1150 2665 (§.
1173 2585 1258 2665 41.;)
1284 2595 1376 2669 atque
1396 2583 1436 2647 de

155 2759 219 2823 hoe
239 2757 300 2821 situ
313 2754 483 2821 elevabitur
496 2752 660 2817 recedente
676 2749 767 2814 Luni
782 2752 823 2815 ab
844 2751 1042 2815 horizonte
1019 2774 1082 2815 rrve
1097 2773 1190 2836 super
1205 2753 1269 2815 sive
1283 2753 1342 2816 sub
1357 2753 1438 2817 Ter-

158 2864 204 2929 rri.
249 2862 338 2926 Hinc
358 2862 396 2925 iis
416 2860 451 2923 in
471 2858 660 2946 regionibus,
681 2855 716 2921 in
737 2856 850 2942 quibus
872 2856 965 2921 Luna
986 2858 1085 2921 oritur
1102 2868 1133 2921 et
1151 2857 1273 2935 occidit,
1297 2871 1437 2955 tempore

158 2979 211 3033 24.
226 2968 294 3032 hor.
311 2969 374 3031 48'.
389 2988 476 3031 mare
497 2965 547 3029 bis
566 2962 701 3027 maxime
716 2964 776 3027 erit
788 2962 944 3046 depressa,
964 2962 1075 3049 bisque
1089 2963 1223 3041 elevata3
1246 2978 1342 3029 status
1356 2967 1438 3029 scili-

11 3083 15 3093 '
156 3089 209 3141 eet
228 3073 433 3160 depressionis
454 3070 571 3135 incidet
590 3070 624 3133 in
644 3066 793 3153 appulsus
815 3067 916 3131 Lunae
936 3067 977 3131 ad
996 3058 1199 3147 horizontem,
1223 3081 1318 3135 status
1332 3082 1438 3139 suteui

157 3183 336 3249 elevationis
356 3183 391 3245 in
412 3179 559 3265 appulsus
580 3177 683 3244 Luuoe
703 3177 745 3241 ad
765 3176 979 3242 meridianum.
1011 3179 1071 3242 'At
1085 3179 1197 3265 quibus
1212 3178 1244 3243 in
1258 3181 1437 3267 regionibus

158 3294 251 3358 Luna
271 3277 330 3355 nec
351 3289 449 3352 oritur
469 3308 528 3349 nec
549 3284 671 3362 oocidit,
695 3284 841 3369 quoniam
860 3283 904 3347 ibi
924 3284 1016 3348 Luna
1031 3284 1129 3349 altero
1143 3262 1276 3370 appulsu
1289 3285 1329 3350 ad
1344 3289 1437 3351 meri-

158 3402 289 3465 dianum
302 3394 446 3473 maxime,
462 3395 560 3459 altero
573 3391 700 3457 minime
715 3394 754 3457 ab
769 3392 930 3457 horizonte
944 3392 1046 3471 disat,
1063 3397 1162 3478 spatio
1178 3403 1218 3458 24
1233 3394 1265 3459 h.
1281 3399 1342 3460 48¹.
1358 3418 1439 3482 aqua

157 3504 254 3571 semel
277 3514 399 3569 anuum
422 3499 601 3576 elevabitur,
627 3497 783 3583 semelque
807 3498 1014 3582 deprimetur.
1048 3499 1139 3563 sub
1129 3501 1204 3585 rpsis
1229 3514 1331 3565 auteur
1355 3501 1436 3585 polis

157 3627 252 3678 oestus
266 3610 360 3675 maris
374 3608 503 3673 omnino
517 3607 578 3671 erit
589 3605 705 3684 nullus,
723 3605 855 3669 diurnus
870 3604 1005 3680 stilicet3
1026 3626 1100 3723 nam
1113 3606 1243 3670 variatio
1255 3606 1436 3671 declinatio-

156 3724 207 3788 nis
222 3722 290 3786 sola
302 3732 416 3785 statum
429 3716 524 3783 maris
537 3716 685 3781 turbabit.

201 3839 228 3915 §,
238 3841 290 3897 50.
308 3829 413 3897 cum
403 3830 499 3917 igitur
510 3827 567 3892 sub
578 3827 659 3913 polis
670 3826 780 3891 Terrae
789 3825 893 3891 nullus
905 3826 945 3890 sit
954 3826 1057 3891 fluxus
1069 3848 1106 3891 ao
1114 3826 1250 3891 refluxus
1265 3828 1368 3906 maris,
1381 3828 1437 3919 sed

157 3964 240 4028 aqua
251 3950 372 4003 tantum
382 3937 606 4024 aliquantulum
615 3934 762 4000 ascendat
771 3935 1009 4023 descendatque,
1022 3949 1116 4020 prout
1126 3936 1218 4001 Luna
1227 3937 1275 4000 vel
1287 3938 1386 4024 magis
1396 3938 1437 4002 ab

157 4058 317 4135 oequatore
339 4043 456 4109 recedit
476 4042 526 4107 vel
550 4042 592 4107 ad
612 4062 685 4107 eum
706 4041 844 4118 accedit3
875 4042 1033 4106 videamus
1055 4042 1146 4107 etiam
1166 4042 1323 4128 quomodo
1344 4055 1437 4107 tostus

157 4154 253 4221 maris
267 4155 302 4217 in
316 4152 384 4217 aliis
398 4152 509 4215 Terrae
523 4150 701 4237 regionibus
716 4148 886 4214 seeunddm
900 4162 1038 4213 nostram
1051 4150 1238 4235 hypothesin
1250 4151 1361 4215 debeat
1370 4174 1437 4219 esse

158 4274 364 4349 comparatus.
426 4260 701 4325 considerabimus
723 4271 829 4323 autern
852 4258 1009 4344 praecipud
1035 4270 1097 4322 tres
1122 4258 1275 4345 regiones,
1306 4283 1437 4347 quarum

157 4374 261 4460 prims
279 4374 381 4459 posita
398 4372 439 4436 sit
457 4370 515 4435 sub
536 4372 605 4455 ipso
624 4381 791 4456 arquatore,
811 4366 948 4433 secunda
966 4366 1080 4432 habeat
1093 4366 1294 4433 elevationem
1308 4369 1374 4452 poli
1396 4379 1437 4434 30

157 4484 324 4575 graduum,
337 4481 428 4548 tertia
437 4480 512 4546 verb
529 4492 571 4547 60
581 4481 744 4568 graduum.
789 4478 874 4555 Quia
887 4479 983 4566 igitur
993 4479 1027 4541 in
1040 4477 1089 4542 his
1100 4480 1244 4545 omnibus
1259 4480 1436 4569 regionibus

158 4591 253 4657 Luna
280 4590 380 4654 oritur
408 4602 501 4675 atque
529 4587 652 4664 oocidit,
682 4586 819 4650 maxima
849 4584 1006 4669 depressio
1035 4608 1125 4671 aquae
1154 4588 1269 4675 ubique
1297 4588 1355 4652 erit
1384 4609 1437 4650 ea-

158 4736 243 4812 dem,
259 4734 375 4799 scilicet
388 4756 445 4818 per
466 4731 758 4797 intervallum-
706 4693 736 4756 L
780 4730 862 4795 infra
884 4730 976 4797 situm
995 4733 1177 4812 naturalem,
1201 4754 1297 4819 esque
1316 4732 1437 4797 contin·

684 4794 758 4859 ab³
