3384 5459
439 438 630 508 FLUXUS
651 440 713 507 ΔΟ
735 437 989 507 REFLUXUS
1012 438 1170 505 Marna
1377 446 1438 502 281

175 668 178 673 .
205 611 229 688 β.
244 603 300 671 5ῐῖ
321 606 357 672 Si
370 607 519 694 quiajam
533 630 575 673 ex
587 608 648 673 bric
661 607 766 687 tabulh¹
780 608 983 674 elevationem
998 609 1091 673 maris
1105 628 1200 698 snpra
1215 618 1329 672 statum
1343 609 1442 670 maxi-

163 734 225 777 mae
238 713 446 798 depressionis
461 715 495 778 in
507 716 661 779 mensuris
679 716 812 800 cognitis
826 712 957 781 delinire
971 714 1111 793 voluerit,
1133 714 1161 779 is
1174 712 1244 777 loco
1258 711 1443 779 hactimum

159 821 306 988 ἐμὲ
328 883 437 926 enmm
457 862 578 928 valeres
600 866 634 927 in
654 862 787 948 pedibus
809 862 958 929 Parisinis
972 884 1014 928 ex
1032 868 1055 947 §.
1071 872 1123 927 41.
1140 862 1314 941 substituat,
1337 860 1442 927 habitl

158 1030 279 1094 ratione
300 1028 455 1096 distantia²
477 1031 579 1095 Lunae
599 1054 620 1096 a
641 1030 754 1112 Terrlr,
775 1046 871 1125 prout
892 1033 1008 1099 ibidem
1035 1046 1084 1098 est
1112 1032 1299 1118 expositum.
1356 1033 1442 1099 Con·

158 1147 333 1221 sequuntur
353 1148 458 1203 autem
480 1159 521 1200 ex
544 1137 604 1202 hnc
632 1138 737 1203 tahuhi
765 1138 864 1204 mults
892 1140 1018 1227 egregia
1046 1139 1245 1217 consectaria,
1268 1160 1339 1227 quse
1367 1138 1442 1203 verb

157 1247 300 1312 nondum
322 1270 445 1313 summo
464 1272 538 1313 curn
559 1251 663 1337 rigore
676 1250 718 1314 ad
732 1250 956 1335 experientiam
969 1248 1141 1313 examirrari
1162 1260 1301 1333 possunt,
1323 1249 1442 1313 etiamsi

152 1356 220 1439 jam
245 1356 375 1442 insignis
397 1355 613 1429 convenientia
634 1356 896 1441 deprehendatur.
955 1358 1081 1443 Aquam
1106 1355 1190 1419 enim
1212 1354 1316 1419 adhuc
1340 1356 1441 1419 omnis

147 1461 279 1524 ‘inertiae
289 1474 452 1545 expertem
465 1462 629 1546 ponimus3
643 1463 845 1549 perspicuum
858 1474 964 1529 autem
977 1472 1034 1539 est,
1057 1462 1187 1548 sinque
1200 1462 1313 1527 inertia
1325 1463 1442 1527 tribna-

156 1584 219 1647 tur,
235 1583 304 1636 tom
320 1572 444 1636 diversa
457 1574 587 1638 omnino
606 1574 815 1659 phaenomena
827 1576 905 1639 oriri
925 1586 1080 1659 oportere.
1126 1573 1223 1651 Quod
1245 1574 1272 1639 si
1293 1576 1387 1662 igitur
1407 1576 1442 1640 bi

157 1680 308 1767 assignati
328 1680 455 1746 effectus
473 1684 540 1767 jam
561 1704 633 1748 cum
654 1682 923 1749 observationibus
944 1682 1038 1767 plane
1054 1682 1274 1761 consentirent,
1289 1683 1323 1747 id
1336 1680 1441 1768 potiris

156 1784 312 1851 theoriam
326 1800 479 1855 everteret
494 1787 587 1875 quam
601 1790 811 1868 confirmaret,
831 1788 906 1855 crim
921 1810 1034 1876 aquarn
1048 1801 1140 1855 extra
1150 1800 1265 1853 statim
1280 1808 1371 1855 sunm
1384 1812 1442 1855 na·
1468 1818 1470 1823 ·

155 1894 290 1959 tirralem
311 1897 409 1961 simus
430 1898 642 1983 contemplati.
687 1899 819 1965 Interim
839 1911 945 1963 tantm
967 1900 1039 1963 satis
1060 1898 1129 1963 tuto
1145 1899 1211 1983 jam
1232 1910 1328 1965 status
1348 1901 1441 1965 maris

156 2002 217 2066 sub
238 2003 313 2087 ipsis
334 2004 416 2089 polis
438 2006 553 2089 poterit
574 2005 707 2085 definiri,
730 2008 784 2093 qui
805 2008 863 2072 etsi
884 2007 925 2071 ed
948 2008 1171 2093 experientiam
1185 2009 1357 2073 examinari
1377 2032 1442 2073 non

153 2124 269 2196 potest,
292 2125 397 2180 tamen
418 2114 485 2199 ipsd
506 2116 626 2180 ratione
646 2116 892 2181 confirmabitur.
938 2117 988 2184 Ac
1007 2114 1111 2200 primb
1133 2116 1260 2203 quidem
1281 2118 1339 2181 sub
1360 2117 1441 2202 polis

155 2217 243 2282 nulla
264 2218 324 2282 erit
344 2219 440 2283 maris
462 2220 592 2285 mutatio
614 2221 735 2298 diurna,
761 2218 836 2285 crim
856 2221 948 2285 Luna
965 2244 1022 2305 per
1036 2235 1136 2287 totum
1151 2222 1235 2287 diem
1249 2224 1379 2288 eandem
1396 2238 1442 2289 te-

154 2337 230 2389 neat
244 2326 284 2389 ab
306 2326 468 2391 horizonte
491 2328 678 2407 distantiam,
701 2329 735 2395 id
756 2329 841 2415 quod
862 2330 930 2414 ipsa
945 2353 1069 2417 quoque
1082 2334 1162 2395 ratio
1177 2332 1282 2410 dictat,
1305 2335 1378 2419 quia
1398 2333 1444 2397 ibi

154 2453 221 2496 non
243 2431 336 2498 datur
355 2434 556 2511 meridianus,
578 2457 598 2498 a
618 2436 706 2520 cujus
728 2434 862 2519 appuls'u
880 2448 974 2501 aestus
989 2438 1083 2500 maris
1098 2436 1171 2501 alibi
1191 2438 1338 2502 oestimari
1354 2439 1441 2505 solet.

156 2540 298 2605 Dabitur
318 2552 423 2605 tamen
443 2539 493 2604 his
514 2540 592 2605 locis
612 2541 743 2605 mutatio
764 2553 933 2620 menstrua,
956 2554 1050 2627 atque
1065 2564 1146 2629 aqua
1159 2542 1295 2609 maxime
1309 2544 1369 2609 erit
1383 2546 1443 2609 hu-

154 2648 239 2711 milis
254 2645 326 2712 crim
343 2648 435 2712 Luna
449 2646 482 2711 in
496 2648 566 2731 ipso
579 2659 738 2733 aequamre
751 2658 911 2723 versatum
928 2668 991 2733 quo
1006 2648 1122 2733 quippe
1136 2658 1277 2732 tempore
1289 2649 1442 2733 perpetuo

154 2754 353 2819 horizontem
376 2754 550 2837 occupabit.
596 2752 685 2817 Hinc
705 2751 802 2837 porrb
821 2775 903 2838 aqua
917 2754 1031 2817 sensim
1045 2754 1217 2818 elevabitur
1230 2768 1326 2840 prout
1340 2755 1442 2823 Lunae

155 2863 324 2928 declinatio
339 2864 403 2927 sive
416 2858 525 2927 vereris
539 2860 667 2925 boream
682 2860 748 2927 sive
761 2859 870 2925 versris
884 2874 1024 2927 ausuum
1039 2874 1181 2949 augetur,
1200 2862 1301 2925 donec
1315 2861 1442 2925 tandem

155 2974 184 3037 si
198 2972 364 3037 declinatio
385 2970 422 3035 fit
441 2970 587 3047 maxima,
610 2991 668 3053 per
683 2970 819 3053 spatium
836 2980 877 3034 10
890 2970 1040 3054 pollicum
1055 2982 1176 3035 tentum
1191 2970 1348 3049 elevetur;
1371 2990 1442 3058 quoe

154 3080 288 3145 mutatio
302 3077 374 3144 crim
388 3078 428 3142 sit
440 3076 591 3165 perquim
605 3078 700 3156 lenta,
717 3077 757 3143 ab
771 3078 883 3143 inertih
898 3080 1056 3166 aquaevix
1071 3080 1255 3145 turbabitur.
1470 3088 1471 3091 ’

200 3192 225 3269 §.
240 3194 293 3252 52.
314 3185 369 3251 Ex
388 3184 438 3247 his
460 3183 536 3248 verb
557 3182 666 3247 iisdem
688 3184 832 3250 formulis
853 3184 979 3251 effectus
995 3208 1014 3250 a
1029 3186 1103 3251 Sole
1118 3185 1268 3251 oriundus
1282 3174 1350 3252 non
1361 3184 1442 3251 diffi-

155 3294 256 3361 culter
276 3294 459 3382 colligetur3
484 3303 605 3357 tautum
629 3293 712 3357 enim
738 3294 926 3380 quantitates
953 3295 1030 3359 Set
1050 3316 1078 3372 a,
1102 3294 1173 3359 loco
1188 3292 1217 3357 L
1230 3294 1440 3359 etbsubstitni

154 3414 290 3488 oportet,
314 3424 377 3487 quo
390 3400 474 3465 sacto
489 3398 617 3464 effectus
640 3401 723 3465 Solis
744 3402 868 3466 circiter
882 3415 992 3488 quater
1006 3404 1110 3466 minor
1122 3400 1442 3488 reperieturqurlmis

155 3513 211 3598 qui
230 3534 250 3575 a
270 3509 362 3577 Lunrl
376 3512 486 3577 oritur.
533 3512 671 3577 seorsim
688 3524 793 3576 autem
807 3510 879 3576 crim
896 3512 978 3577 Solis
991 3510 1060 3577 trim
1075 3512 1176 3575 Lunoe
1191 3510 1349 3575 effectibus
1364 3509 1442 3575 defi·

154 3622 240 3697 nitis,
261 3642 320 3705 per
341 3621 593 3705 conjunctionem
614 3621 786 3705 simplicem
809 3620 947 3699 effectus,
969 3644 1063 3708 quem
1076 3622 1170 3685 ambo
1188 3621 1352 3685 luminaria
1367 3642 1441 3684 con·

149 3730 285 3815 junctim
309 3730 499 3815 producunt,
528 3728 794 3793 determinabitur.
855 3729 1013 3794 Ponamus
1038 3729 1142 3816 itaque
1171 3726 1307 3814 primum
1335 3728 1441 3793 Solem

155 3833 343 3920 Lunamque
364 3835 399 3898 in
421 3835 640 3921 conjunctione
661 3834 788 3913 versari,
810 3834 845 3899 id
866 3835 951 3923 quod
968 3835 1006 3899 fit
1027 3848 1168 3920 tempore
1181 3834 1350 3911 novilunii;
1374 3847 1441 3897 mm

154 3944 252 4030 igitur
272 3941 414 4030 neglecti
438 3943 542 4008 Lunae
563 3941 736 4019 latitudine,
765 3941 821 4007 Sol
841 3955 874 4007 et
895 3942 988 4008 Luna
1007 3942 1040 4005 in
1062 3943 1172 4005 eodem
1198 3941 1348 4025 eclipticas
1371 3941 1441 4005 loco

155 4050 374 4128 versabuntur,
398 4061 492 4136 atque
513 4050 607 4114 simol
627 4050 671 4113 od
689 4050 896 4115 meridianum
911 4049 1000 4136 taque
1014 4070 1051 4114 ac
1065 4050 1106 4113 nd
1127 4048 1321 4113 horizontem
1335 4050 1441 4134 appel-

153 4156 230 4221 lent.
277 4156 436 4232 Quocirca
455 4156 653 4221 manentibus
675 4157 885 4240 superioribus
908 4155 1219 4234 denominationibus,
1244 4158 1303 4221 erit
1317 4179 1442 4244 quoque

155 4266 240 4332 Solis
256 4264 473 4332 declinationis
488 4266 574 4329 sinus
594 4290 627 4325 =
648 4265 690 4343 Q,
708 4266 831 4328 cosinus
851 4288 884 4324 =
903 4286 934 4350 q,
951 4288 988 4329 ac
1002 4284 1061 4349 pro
1076 4265 1191 4351 angulo
1207 4264 1247 4329 M
1264 4264 1336 4330 PL
1356 4267 1442 4351 cnjus

153 4373 283 4437 casinus
297 4384 345 4437 est
358 4398 391 4432 =
407 4385 430 4450 t,
448 4372 508 4437 crit
518 4372 603 4436 sinus
614 4371 786 4436 altitudinis
802 4372 884 4435 Solis
894 4372 1010 4456 pariter
1020 4372 1066 4436 uti
1081 4371 1183 4437 Lunae
1193 4398 1224 4433 =
1234 4384 1277 4457 tp
1287 4396 1307 4459 q
1316 4384 1348 4449 -Ι-
1360 4374 1388 4437 Ρ
1398 4374 1440 4449 Q.

156 4482 210 4547 Ex
225 4482 380 4569 quodum
394 4483 490 4547 umbo
503 4481 669 4545 luminaria
690 4502 747 4565 per
767 4479 975 4553 meridianum
993 4476 1100 4544 verstls
1116 4493 1254 4545 anstrum
1270 4491 1440 4557 transeunt,

156 4611 250 4676 aquae
272 4590 416 4669 elevatio,
443 4612 515 4678 quae
536 4603 604 4655 tum
625 4590 687 4655 erit
707 4590 852 4667 maxima,
876 4588 1071 4655 altitudinem
1091 4592 1263 4655 naturalem
1285 4587 1443 4675 superabit
