3384 5459
143 425 261 492 Lmen
276 423 460 502 Tanarus]
503 422 746 490 PRINCIPIA
768 423 1140 492 MATHEMATIOA.
1395 431 1435 492 97

189 596 293 661 Porro
314 593 384 658 fieri
404 605 509 677 potest
523 604 559 659 ut
581 604 677 658 aestus
697 605 891 680 propagetur
906 593 948 658 ob
963 611 1080 660 oceano
1095 615 1152 678 per
1167 591 1246 660 frete
1259 592 1382 658 diversa
1397 592 1437 656 ad

143 705 282 772 eundern
295 715 433 787 portum,
450 715 482 768 et
496 702 587 768 citius
602 714 740 768 transeat
753 698 811 787 pe'r
825 703 929 788 aliqua
943 701 1022 768 fretu
1037 699 1131 788 quim
1145 725 1202 787 per
1216 703 1296 768 alia:
1327 725 1391 788 quo
1404 701 1438 768 in

141 839 220 880 oasu
234 827 329 878 aestus
345 813 440 888 idem,
464 813 498 876 in
520 811 600 878 duos
614 813 665 878 vel
678 814 785 897 plures
799 811 973 880 suceessird
988 813 1186 880 advenientes
1202 813 1328 891 divisus,
1352 835 1438 878 com·

140 945 266 1008 ponere
288 923 389 1007 possit
412 932 517 984 motus
536 943 636 986 noros
645 922 1018 1009 diversorum-generum.
1064 923 1235 1010 Fingamus
1251 935 1343 988 astus
1358 923 1438 988 duos
1455 965 1470 1002 ,

142 1030 283 1116 aequales
297 1053 317 1092 a
330 1028 461 1114 dirersis
475 1028 553 1092 loeis
567 1028 601 1090 in
612 1029 748 1094 eundem
761 1042 890 1112 portum
902 1030 1017 1106 venire,
1031 1051 1164 1115 quorum
1179 1031 1266 1113 prior
1281 1029 1440 1113 prreoedat

142 1141 280 1205 altemm
306 1140 408 1225 spatio
433 1139 583 1204 horarum
608 1161 674 1216 sex,
699 1138 878 1223 ineidntque
904 1140 937 1205 in
962 1137 1074 1204 horam
1096 1139 1220 1204 tertiam
1242 1137 1282 1202 ab
1304 1139 1439 1222 appulsu

143 1250 250 1314 Lunae
264 1248 306 1314 ad
320 1249 529 1313 meridianum
543 1261 663 1334 portus.
708 1248 743 1314 si
765 1247 859 1314 Luna
873 1249 906 1312 in
921 1248 1019 1314 bocce
1034 1271 1091 1314 suo
1106 1248 1147 1314 ad
1161 1249 1368 1315 meridianum
1382 1269 1439 1331 ap-

141 1359 238 1442 pulsu
254 1358 437 1424 versabatur
450 1359 482 1422 in
494 1371 663 1444 aequatore,
676 1357 802 1423 venient
812 1357 942 1444 singulis
954 1357 1040 1421 horis
1052 1357 1134 1424 senis
1148 1357 1283 1442 equales
1294 1356 1437 1434 affluxus,

143 1467 247 1554 quiin
262 1478 389 1531 mutuos
403 1466 541 1530 refluxus
555 1453 724 1528 breidendo
738 1463 863 1526 eosdem
879 1463 1045 1528 afflantibus
1060 1463 1239 1549 aequabunt,
1261 1463 1352 1529 etsie
1368 1485 1440 1546 spa·

141 1577 190 1640 tio
209 1575 273 1640 diei
290 1574 373 1638 iltius
388 1575 524 1638 efficient
544 1587 580 1638 ut
597 1597 680 1658 aqua
693 1572 860 1659 tranquille
875 1585 1007 1660 stagnat.
1054 1573 1088 1637 si
1104 1573 1198 1638 Luna
1212 1585 1288 1636 tunc
1302 1573 1440 1636 deelina-

142 1684 200 1748 bat
214 1682 255 1746 ab
269 1693 438 1768 aequatore,
454 1680 532 1744 fient
544 1692 639 1746 oestus
653 1682 687 1743 in
702 1703 820 1744 ocmno
830 1682 951 1745 vicibus
963 1681 1090 1746 alternis
1102 1682 1235 1766 majores
1247 1693 1279 1746 et
1290 1682 1437 1756 minores,

142 1792 192 1854 uti
213 1790 332 1872 dictum
354 1802 402 1853 est
407 1813 418 1866 ς
441 1802 473 1853 et
493 1789 568 1852 inde
582 1790 840 1874 propagabantur
855 1790 887 1852 in
903 1789 987 1854 hunc
1001 1802 1128 1874 portum
1144 1789 1278 1856 affluxus
1294 1791 1359 1854 bini
1373 1813 1440 1854 ma-

136 1902 227 1984 jores
241 1911 275 1961 et
288 1898 356 1960 bini
369 1898 517 1976 minores,
535 1898 654 1961 vicibus
669 1896 805 1960 alternis.
841 1897 988 1964 Affluxns
1004 1911 1107 1962 autent
1122 1899 1190 1962 bini
1204 1901 1338 1982 majores
1354 1921 1440 1962 com-

143 2023 266 2096 ponent
285 2031 400 2096 aquam
419 2008 599 2074 altissimam
613 2009 647 2071 in
661 2008 765 2072 medio
780 2009 861 2072 inter
878 2021 1056 2094 utrumque,
1073 2009 1207 2074 affluxus
1221 2009 1322 2093 major
1337 2023 1367 2072 et
1381 2010 1441 2072 mi-

143 2179 279 2240 auperaudo
294 2178 447 2226 resistentiam
462 2177 589 2226 fluminum
605 2177 674 2226 faciet
690 2193 775 2240 aquam
809 2193 887 2225 nessus
905 2177 1035 2225 altitudinis
1056 2179 1113 2226 CA
1131 2195 1201 2240 super
1216 2178 1364 2226 altitudinem
1384 2181 1404 2226 C
1419 2180 1439 2225 E

54 2244 58 2253 ’
143 2244 215 2291 citius
228 2259 256 2291 at
271 2244 361 2290 diutius
375 2242 482 2298 induere,
499 2241 605 2304 adedque
614 2243 707 2290 minuet
716 2244 776 2290 banc
807 2237 846 2290 rel
858 2243 879 2290 C
893 2242 913 2288 F
927 2243 1058 2306 designabit
1068 2243 1195 2290 maximam
1206 2245 1359 2305 quantitatem
1372 2243 1442 2290 restire

144 2308 318 2355 differentiam:
337 2305 426 2354 iutered
441 2305 496 2352 rard
513 2307 571 2354 dum
589 2307 660 2354 Luna
670 2309 700 2353 ad
711 2321 776 2368 syzy-
808 2307 833 2353 in
850 2305 928 2353 medio
943 2308 1013 2353 maris
1032 2307 1053 2354 E
1071 2308 1089 2354 F
1105 2307 1221 2354 littoribus
1240 2307 1269 2362 E,
1286 2307 1439 2364 Ftermimrti,

143 2373 197 2435 gias
212 2380 328 2432 properat,
344 2384 438 2417 neeesse
453 2379 489 2416 est
504 2381 531 2416 ut
547 2369 645 2417 flumina
654 2374 685 2418 ob
695 2385 778 2417 sumus
808 2379 949 2418 aenomaus
959 2369 1089 2418 altitudinis
1103 2371 1145 2418 Ce
1155 2385 1225 2430 super
1235 2370 1383 2418 altitudinem
1394 2371 1439 2422 Cf.

143 2451 202 2482 suns
218 2450 260 2495 per
275 2434 461 2496 magnitudinem
478 2443 578 2482 artuum
593 2434 717 2494 impeditos
727 2450 777 2481 ma·
808 2445 909 2494 exponet
925 2434 1051 2482 maximam
1067 2435 1221 2499 quantitatem
1233 2434 1304 2482 sestis
1318 2435 1348 2481 ad
1365 2435 1442 2484 littora

144 2501 184 2562 gis
194 2499 337 2559 impleantur
347 2508 371 2545 et
382 2497 502 2558 proptered
512 2499 582 2544 maris
592 2497 707 2544 retiatum
719 2514 777 2558 pau·
810 2497 914 2560 ejusdem
931 2498 1008 2545 maris.
1044 2499 1128 2564 (Nam,
1141 2498 1271 2545 differentia
1282 2499 1342 2544 inter
1353 2497 1440 2544 diame-

144 2561 397 2625 ldmagisimpediant
406 2562 513 2622 proxime
528 2562 776 2625 postayrygiaaqurim
808 2571 872 2608 uum
888 2563 1028 2610 biseeantem
1045 2563 1161 2626 angulum
1175 2563 1258 2610 datum
1269 2577 1339 2624 quern
1351 2562 1441 2612 faciunt

144 2627 253 2688 proximd
264 2624 326 2674 aare
363 2624 402 2672 Et
413 2625 442 2672 de
452 2626 524 2674 causa
534 2636 603 2674 atus
614 2627 720 2672 omniurn
732 2637 777 2674 tar.
809 2626 863 2672 dure
875 2625 980 2672 diametri
992 2627 1099 2687 ellipseos
1109 2637 1132 2674 et
1143 2625 1277 2674 alterutram
1289 2641 1316 2671 ex
1335 2625 1382 2670 illis
1392 2626 1440 2672 dia·

143 2691 236 2738 diasimi
247 2705 296 2737 uon
306 2690 411 2737 incident
421 2690 447 2735 in
457 2689 519 2749 ipsas
528 2689 640 2751 syzygias,
656 2689 697 2736 sed
708 2689 779 2751 pauli>
808 2689 889 2736 metris
905 2690 979 2751 maj0r
994 2706 1043 2738 esse
1055 2705 1103 2737 non
1114 2699 1189 2750 potest
1199 2703 1227 2736 ex
1240 2687 1324 2735 naturi
1335 2689 1441 2747 ellipseoa

144 2753 286 2816 procedent.
323 2755 381 2800 Diti
397 2765 467 2802 astus
482 2755 551 2802 edam
562 2753 617 2800 ante
628 2753 732 2816 syzygias
742 2769 779 2802 re-
808 2752 910 2814 qutimsi
928 2754 968 2800 illa
979 2753 1092 2801 diameter
1101 2755 1205 2802 bisetaua
1216 2754 1246 2800 sit
1255 2753 1375 2800 semi-axis
1392 2769 1439 2800 ma·

144 2818 234 2865 tardari
245 2819 267 2863 ri
282 2818 350 2865 Solis·
383 2819 548 2880 conjungatur
559 2833 628 2864 eausa
638 2827 742 2879 utraque,
755 2829 779 2865 et
806 2817 845 2879 jor
860 2825 884 2864 et
899 2816 1029 2864 differentia
1041 2817 1101 2864 inter
1112 2817 1163 2863 illas
1173 2816 1232 2862 duas
1246 2817 1306 2875 ipsas
1317 2817 1441 2863 diametros

145 2893 249 2930 autum
266 2882 389 2930 retardatio
404 2891 429 2929 et
442 2885 517 2946 major
527 2882 571 2928 erit
581 2891 605 2928 et
615 2883 719 2943 syzygias
729 2897 780 2929 ma-
810 2881 925 2958 angulum
941 2881 1023 2928 datum
1039 2882 1206 2930 constituentes
1216 2879 1290 2942 major
1300 2897 1349 2926 ease
1361 2880 1442 2942 nequit

144 2947 184 3008 gia
198 2946 321 3006 praecedet.
358 2947 421 3000 Qum
431 2947 512 2994 omnia
521 2944 554 2992 iu
564 2961 590 2991 se
600 2946 684 2992 babere
694 2945 780 3008 colligo
808 2959 882 3006 quam
893 2945 911 2992 si
923 2945 1034 2992 diameter
1044 2945 1160 3007 angulum
1172 2945 1275 2991 biseeana
1285 2943 1355 2991 faeiat
1364 2960 1440 3003 angu-

146 3025 177 3055 ex
194 3009 281 3056 tabul'u
294 3019 397 3056 aestuum
407 3025 465 3070 quas
482 3009 652 3058 Flamataedius
661 3023 690 3055 eu
701 3012 779 3057 obam-
809 3009 860 3056 lum
873 3024 927 3056 eum
937 3024 982 3056 axe
997 3008 1178 3070 semi-rectum.)
1214 3008 1284 3056 Unde
1299 3019 1362 3068 patet
1372 3019 1442 3056 auus

145 3075 281 3122 rationibus
290 3074 469 3136 quamplurimis
484 3073 620 3120 construxit.
811 3072 842 3120 ad
863 3073 941 3120 littora
958 3089 1006 3120 esse
1028 3073 1198 3134 propdmodum
1215 3083 1242 3119 ut
1258 3075 1328 3118 maris
1344 3072 1443 3118 latitudo

182 3143 237 3186 109.
258 3137 371 3184 Εειιιιιιιι
388 3137 527 3199 magnitudo
545 3152 593 3184 uon
612 3151 695 3196 parum
710 3138 781 3186 edam
812 3137 836 3184 E
851 3137 878 3193 F,
890 3151 944 3183 arcu
955 3137 1101 3199 quadrantali
1118 3151 1165 3183 non
1180 3137 1260 3198 mej0r.
1299 3137 1364 3182 Hine
1376 3136 1403 3182 fit
1415 3145 1443 3183 ut

147 3201 237 3261 pendet
252 3217 268 3248 a
283 3201 447 3264 magnitudine
460 3202 569 3258 marium,
580 3199 643 3247 utin
656 3200 781 3262 Opuseulo
812 3200 894 3248 nullus
921 3210 963 3248 aut
988 3201 1037 3250 tert
1064 3201 1146 3249 nullus
1169 3204 1302 3248 assuatur
1328 3215 1442 3262 aquarum

147 3267 220 3312 citato
239 3267 344 3311 observat
362 3265 447 3312 claris.
469 3275 543 3314 autor.
580 3264 616 3312 sir
636 3264 656 3311 C
675 3275 782 3312 oenuum
810 3274 890 3311 motus
905 3266 930 3310 iu
947 3265 1049 3313 maribus
1060 3263 1172 3312 nonsatis
1183 3263 1230 3312 lare
1241 3265 1381 3324 patentibus,
1398 3263 1443 3309 nisi

149 3330 239 3385 Tarra,
262 3329 286 3375 E
300 3331 323 3375 A
338 3329 397 3376 ΠΒ
413 3329 516 3392 oblonga
531 3327 602 3374 mab
618 3326 702 3390 figura,
721 3329 783 3376 CA
810 3328 1106 3390 cumoeeauoipaoliberd
1117 3328 1298 3376 eommunieeut.
1338 3327 1443 3375 sienim

148 3392 274 3440 masaia
282 3393 364 3455 maior,
379 3394 399 3440 G
415 3393 437 3440 B
448 3391 569 3441 aemi-axis
578 3391 656 3440 minor
665 3390 736 3453 priori
746 3392 783 3439 in-
811 3392 870 3438 uibil
887 3404 929 3439 aut
943 3407 1027 3452 pamm
1044 3407 1099 3440 cum
1115 3407 1203 3438 oceano
1218 3391 1398 3448 communicent,
1415 3399 1445 3438 ut

812 3455 897 3502 aocidit
908 3457 933 3502 in
943 3457 1002 3504 mari
1015 3455 1195 3512 Mediterraneo,
1208 3463 1280 3502 astus
1289 3453 1382 3517 quoqud
1391 3469 1442 3501 eam

811 3521 842 3566 ob
864 3534 958 3566 causam
980 3519 1058 3566 minor
1078 3516 1267 3578 deprehenditur.
1315 3519 1382 3566 Hinc
1409 3525 1444 3564 a

414 3634 433 3679 f
454 3619 484 3663 Β
813 3581 1445 3708 ffltittffitssdttlffffdttt

313 3709 342 3755 “f
813 3711 889 3757 multo
899 3710 1001 3757 minores
1011 3710 1082 3772 qusint
1092 3711 1148 3757 hine
1158 3709 1213 3756 inde
1224 3709 1248 3755 in
1258 3711 1322 3755 zonis
1330 3718 1443 3768 tempera-

300 3779 317 3808 θ
813 3773 844 3820 tis
855 3772 980 3821 ubimaria
991 3773 1037 3821 latd
1049 3783 1134 3834 patent,
1147 3773 1207 3820 etin
1217 3773 1288 3818 maris
1300 3771 1444 3819 Parilicilit-

295 3892 299 3897 ⁴
815 3837 906 3885 toribus
917 3837 966 3884 iera
976 3838 1075 3902 singulis
1086 3847 1134 3886 tam
1143 3836 1289 3885 Americanis
1299 3837 1370 3898 quim
1383 3833 1444 3882 Sini-

318 3890 443 3973 V
813 3901 847 3947 eia
858 3911 882 3948 et
892 3899 954 3949 inat
961 3899 1176 3962 aopioeraeruu
1214 3899 1356 3962 Contingere
1366 3910 1445 3946 tamen

309 3993 339 4040 ι
813 3973 893 4074 potem
907 3975 1022 4076 mus
1033 3967 1074 4041 qui
1090 3966 1115 4034 iu
1125 3963 1348 4074 marmffird}
1361 3975 1402 4019 eat,
1419 3961 1446 4008 iu

831 4043 892 4075 unta
1003 4045 1121 4076 maximus
1136 4041 1194 4089 prop
1310 4039 1319 4074 t
1358 4041 1446 4090 augus·

814 4092 859 4139 tias
875 4092 1027 4156 littorumque
1042 4092 1136 4140 aeorum
1153 4090 1288 4140 coiiuntium
1303 4105 1446 4154 eorumgen-

817 4156 882 4204 dam.
919 4157 981 4204 Hae
999 4157 1029 4204 de
1046 4157 1118 4204 man'a
1133 4165 1190 4203 testu
1206 4169 1249 4215 pru
1265 4156 1371 4216 praesenti
1384 4155 1447 4202 dieta

150 4221 237 4270 sistens
247 4219 278 4268 ad
289 4221 390 4284 angulos
399 4229 481 4268 reatos.
513 4219 626 4267 &matur
638 4218 663 4266 D
673 4227 788 4280 punctam
815 4220 877 4268 sint:
900 4219 930 4268 de
949 4219 993 4268 bic
1011 4218 1154 4267 nobilissimi
1170 4221 1234 4282 iuter
1252 4221 1358 4281 physicos
1371 4233 1445 4280 quara·

151 4285 261 4333 medium
277 4286 340 4334 inter
354 4287 378 4333 A
390 4295 414 4332 at
430 4285 461 4340 B,
480 4283 556 4346 aitque
576 4283 600 4330 E
613 4283 634 4331 C
647 4283 676 4340 F,
692 4283 729 4330 rel
745 4283 789 4342 ipai
816 4285 881 4332 tione
891 4284 992 4345 plurima
1007 4285 1031 4333 in
1051 4283 1158 4340 decursu,
1175 4281 1216 4330 ubi
1232 4295 1334 4331 recurrat
1349 4283 1445 4337 occasio,

154 4347 604 4412 aqualiseCfangulnssdoentrum
616 4347 704 4402 Terrae,
718 4361 788 4408 quem
817 4349 980 4410 adjungemus.
1019 4348 1137 4395 Proliaius
1152 4347 1212 4394 foret
1227 4348 1335 4410 prosequi
1351 4348 1448 4394 lactan

154 4413 277 4460 subtendit
287 4413 387 4460 latitudo
397 4412 468 4460 matis
478 4412 595 4459 littoribus
607 4410 637 4464 E,
651 4409 680 4467 F,
692 4411 727 4456 rel
739 4426 759 4464 a,
771 4411 788 4466 ᾗ
817 4411 1150 4474 diligentissimiaphiloaopbia
1158 4421 1256 4458 aestuum
1265 4412 1446 4468 observationem

154 4477 293 4534 ruminari,
310 4487 416 4524 versetur
430 4486 511 4524 autem
527 4483 641 4536 punctum
655 4477 687 4530 A,
704 4474 730 4520 in
740 4489 789 4522 me·
818 4476 990 4538 legunturque
1001 4478 1079 4522 bucer
1090 4476 1238 4524 illuetumin
1248 4478 1366 4524 Transact.
1376 4475 1449 4537 Angi.

155 4539 196 4587 dio
207 4541 371 4601 interpuncta
389 4541 418 4595 Ε,
433 4540 464 4597 F,
474 4550 498 4587 et
513 4548 628 4600 punctum
642 4539 666 4585 D
677 4539 703 4584 in
713 4538 792 4585 madio
811 4550 871 4586 tum
883 4539 908 4586 in
922 4540 989 4586 Mon.
1003 4539 1076 4587 Paris.
1090 4541 1192 4600 dispersa
1203 4541 1359 4594 inveniuntur,
1370 4538 1410 4585 sed
1422 4552 1449 4583 ea

156 4603 219 4651 iuter
235 4616 327 4664 puncta
337 4620 358 4660 e,
371 4605 388 4652 l'.
424 4605 450 4652 si
465 4618 507 4664 per
522 4602 676 4649 differentiam
687 4602 789 4650 altitudi·
821 4603 949 4663 prasertim
960 4619 1013 4666 quse
1024 4604 1109 4652 clarita.
1119 4605 1162 4651 viri
1180 4604 1291 4652 llalleius
1303 4605 1325 4650 N
1329 4618 1376 4650 um.
1391 4607 1445 4650 226.

158 4682 217 4714 num
231 4669 252 4716 C
267 4671 300 4724 A,
323 4669 386 4724 CB,
404 4679 535 4728 exponatur
550 4666 667 4727 quantitas
682 4664 752 4713 estius
767 4665 792 4712 in
822 4668 941 4715 Transact
956 4679 980 4716 et
994 4669 1104 4716 Cassiuus
1115 4667 1140 4716 in
1154 4669 1221 4718 Mon.
1238 4669 1310 4716 Paris.
1324 4681 1363 4716 au.
1377 4670 1446 4714 1712.

158 4732 218 4780 mari
228 4731 286 4780 satia
296 4731 417 4793 profundo
429 4732 525 4780 Terram
537 4739 609 4776 totam
620 4729 736 4792 cingente,
753 4745 792 4777 ex·
824 4735 893 4779 1713.
906 4731 991 4793 scripta
1000 4733 1165 4799 reliquerunt,

782 4817 822 4866 ls
