3384 5459
243 452 313 499 xxx
723 431 1057 499 INTRODUCTIO
1338 432 1447 511 [Car.
1463 418 1530 496 Ill.

288 612 339 673 at.
363 606 426 671 His
447 603 566 687 positis,
588 604 679 669 facile
705 618 753 669 est
777 604 968 669 micrometri
988 626 1081 668 usum
1101 603 1285 690 intelligere.
1342 602 1402 667 Est
1424 616 1531 667 autem

242 702 475 773 micrometr'um
490 710 731 773 instrumentum
751 710 837 795 quod
851 710 885 773 in
899 710 970 773 foco
983 709 1076 773 lentis
1090 708 1251 792 objectivae
1266 708 1427 795 telescopii
1441 721 1530 793 apta·

242 826 294 882 tur
318 816 359 881 ad
385 816 615 903 magnitudines
641 829 824 900 apparentes
852 839 924 903 quae
948 816 1085 903 ςωόιιιιι
1108 838 1208 879 unum
1228 814 1279 880 vel
1300 815 1435 903 gradum
1455 838 1529 879 cum

240 926 367 991 semisse
382 948 446 989 non
460 930 617 1009 superant,
641 924 856 989 dimetiendas.
914 922 1004 989 Illius
1023 924 1287 989 constructionem
1301 946 1395 1010 quam
1412 923 1456 989 D.
1473 925 1528 989 De

240 1031 273 1095 la
288 1031 372 1096 Hire
392 1032 427 1094 in
441 1030 574 1095 Tabulis
590 1031 817 1096 Astronomicis
842 1030 938 1094 veluti
966 1030 1073 1095 usibus
1098 1029 1326 1095 Astronomicis
1351 1052 1528 1095 accommo-

243 1140 396 1205 datiorem
425 1124 523 1219 dedit,¹
559 1140 737 1205 referemus.
797 1140 931 1204 Constat
959 1161 1000 1203 ex
1029 1134 1151 1203 duobus
1180 1138 1307 1225 quadris
1336 1140 1528 1227 rectangulia

241 1266 375 1332 quorum
403 1247 535 1311 alterum
558 1247 589 1311 A
605 1247 634 1313 C
650 1245 680 1313 B
694 1246 739 1323 D,
766 1258 802 1310 ut
823 1245 995 1330 plurimum
1018 1245 1247 1333 longitudinem
1271 1243 1367 1310 habet
1391 1245 1528 1310 duorum

238 1354 388 1439 pollicum
409 1376 481 1417 cum
503 1354 629 1419 semisse
644 1367 676 1418 et
689 1350 889 1418 latitudinem
904 1352 997 1417 unius
1010 1352 1133 1438 pollicis
1148 1374 1220 1416 cum
1236 1352 1372 1416 semisse.
1418 1350 1527 1438 Hujus

238 1460 359 1545 quadri,
383 1460 481 1524 latera
502 1460 597 1547 longa
617 1460 650 1524 A
664 1460 709 1536 D,
734 1458 763 1523 C
780 1460 820 1537 B,
842 1458 877 1523 iu
897 1470 1004 1544 partes
1025 1459 1159 1545 aequales
1174 1471 1206 1522 ct
1220 1457 1311 1522 tertid
1324 1471 1415 1543 parte
1432 1460 1526 1524 unius

236 1564 359 1649 pollicis
375 1566 455 1629 inter
470 1588 503 1629 se
517 1564 667 1630 distantes
682 1564 874 1643 dividuntur,
896 1562 939 1629 iat
954 1576 1060 1629 tamen
1075 1576 1111 1628 ut
1124 1564 1216 1627 lineae
1230 1564 1332 1627 ducta
1346 1586 1404 1647 per
1417 1565 1527 1651 singu-

239 1669 286 1733 las
301 1668 467 1733 divisiones
482 1670 545 1733 sint
559 1668 600 1735 ad
613 1670 712 1735 latera
727 1669 813 1747 AD,
831 1668 912 1746 CB,
927 1668 1208 1753 perpendiculares.
1251 1666 1352 1732 Hisce
1367 1668 1527 1734 divisioni·

239 1776 296 1841 bus
321 1777 374 1841 fila
396 1777 494 1842 serica
518 1776 598 1842 bend
621 1790 710 1843 tensa
731 1777 936 1862 applicentur,
962 1776 1221 1864 glutinanturque
1246 1777 1327 1841 cera.
1384 1778 1525 1852 Additur

235 2937 324 3003 filum
346 2940 482 3017 sericum
508 2942 539 3006 K
562 2942 601 3020 L,
632 2946 750 3009 dictum
780 2950 994 3041 transversale,
1026 2954 1111 3038 quod
1131 2954 1173 3019 ad
1193 2952 1326 3043 angulos
1347 2969 1447 3021 rectos
1469 2956 1524 3021 fila

236 3043 388 3128 parallela
412 3046 511 3112 modd
533 3048 689 3136 descripta
708 3076 727 3116 a
748 3051 780 3131 b,
803 3054 869 3133 cd,
893 3056 946 3136 el,
971 3046 1028 3123 dcc.
1051 3074 1136 3125 secet
1156 3074 1189 3127 et
1208 3064 1242 3125 in
1263 3064 1368 3127 medio
1389 3064 1524 3129 laterum

240 3153 271 3216 A
288 3151 327 3231 C,
353 3154 431 3220 BD
454 3156 635 3243 glutinatur.
680 3160 825 3224 Alterum
848 3164 1003 3249 quadrum
1029 3166 1058 3230 E
1082 3168 1110 3233 F
1135 3167 1173 3232 H
1188 3168 1222 3233 G
1245 3172 1333 3256 cujus
1358 3170 1524 3259 longitudo

236 3256 267 3321 E
283 3259 311 3324 F
332 3281 397 3324 non
419 3275 546 3347 superat
566 3284 665 3328 unum
686 3266 831 3349 pollicem
851 3290 923 3332 cum
944 3272 1079 3349 semisse,
1100 3274 1144 3337 ita
1157 3274 1256 3358 priori
1270 3276 1523 3341 accommodatur

235 3374 270 3427 ut
296 3366 362 3451 ejus
388 3366 486 3431 latera
510 3370 539 3435 E
563 3371 600 3450 F,
624 3373 658 3438 G
673 3374 719 3451 H,
743 3390 927 3443 moveantur
949 3402 1046 3465 super
1065 3381 1163 3446 latera
1178 3383 1210 3447 A
1225 3382 1270 3456 D,
1289 3384 1317 3448 C
1334 3384 1372 3461 B,
1395 3386 1522 3450 alterius

234 3470 346 3556 quadri
360 3495 421 3566 nec
437 3476 476 3539 ab
491 3476 560 3562 ipso
574 3493 767 3564 separentur.
818 3484 928 3549 Facies
937 3486 1030 3571 hujus
1046 3487 1174 3552 secundi
1184 3488 1295 3575 quadri
1309 3512 1380 3576 quae
1390 3490 1522 3556 divisam

234 3578 346 3644 faciem
368 3582 482 3666 prioris
505 3586 640 3669 respicit,
663 3588 719 3653 filo
741 3590 834 3655 etiam
857 3594 956 3657 serico
979 3604 1011 3658 et
1033 3606 1122 3659 tenso
1140 3595 1219 3673 hl,
1236 3596 1408 3677 instruitur,
1424 3600 1520 3686 quod,

233 3684 306 3752 edm
330 3702 474 3755 movetur
498 3692 652 3778 quadnun
676 3696 792 3783 ubiqud
818 3699 932 3784 prioris
956 3701 1067 3786 quadri
1093 3702 1154 3766 filis
1178 3702 1361 3786 parallelum
1385 3719 1520 3783 maneat,

233 3815 330 3879 eaque
355 3797 568 3881 superlabitur
592 3822 687 3886 quam
711 3804 867 3887 proximd,
894 3827 953 3871 nec
979 3818 1084 3873 tamen
1111 3810 1155 3872 eis
1181 3810 1325 3873 occurrit
1382 3809 1521 3876 Cochlea

235 3901 349 3968 deinde
366 3904 405 3969 M
421 3906 463 3986 N,
485 3905 576 3973 lateri
592 3908 621 3973 B
636 3910 680 3985 D,
696 3910 847 3999 longioris
864 3914 977 4000 quadri
991 3916 1138 4003 affigitur,
1155 3917 1242 4003 cujus
1257 3917 1398 3981 striatum
1413 3940 1520 4004 recep·

231 4010 369 4075 taculum
388 4012 479 4079 lateri
503 4017 585 4082 FH
605 4018 730 4083 alterius
752 4020 893 4086 adhaeret
914 4034 946 4088 et
964 4023 999 4087 in
1019 4024 1171 4109 foramine
1185 4026 1320 4092 rotundo
1335 4026 1520 4096 circumvol-

233 4117 322 4181 vitur.
368 4120 506 4215 Cochlea
527 4127 655 4213 ejusque
668 4129 901 4225 receptaculum
914 4129 1061 4197 auriculis
1078 4135 1110 4213 S,
1131 4136 1164 4215 S,
1178 4134 1364 4223 instructum
1378 4138 1423 4203 ita
1436 4141 1519 4205 inter

230 4248 264 4289 se
283 4227 384 4312 aptari
406 4228 522 4296 debent
536 4246 572 4299 ut
586 4234 816 4325 receptaculum
831 4248 864 4301 et
878 4238 1035 4335 quadrum
1049 4240 1079 4303 Ε
1095 4240 1143 4319 H,
1158 4262 1199 4305 ne
1213 4240 1378 4307 minimtim
1391 4246 1518 4331 quidem

229 4336 347 4398 moveri
361 4338 469 4422 possit,
487 4340 547 4404 nisi
567 4344 754 4428 receptaculi
776 4359 863 4410 motu
886 4348 1107 4415 conversionis.
1153 4351 1320 4427 Quadrum
1334 4355 1366 4419 A
1383 4353 1412 4418 C
1431 4349 1516 4434 BD,

230 4440 389 4528 telescopii
411 4446 545 4531 cujusvis
566 4448 770 4539 longitudinis
790 4455 869 4519 tubo
889 4456 923 4519 in
937 4457 1083 4522 distantivl
1108 4458 1170 4524 foci
1188 4462 1350 4549 objectivae
1367 4464 1459 4529 lentis
1474 4462 1518 4529 iat

230 4561 355 4634 aptatur
377 4564 412 4617 ut
433 4554 530 4641 ipsius
553 4558 665 4643 quadri
685 4562 817 4645 planum
837 4565 1097 4649 perpendiculare
1119 4570 1160 4635 sit
1179 4572 1221 4636 ad
1236 4572 1394 4657 telescopii
1415 4595 1516 4639 axem.

234 4660 297 4724 His
312 4659 356 4727 ita
370 4666 555 4746 constitutis,
575 4668 778 4755 telescopium
792 4672 825 4736 in
840 4674 955 4739 coelum
970 4688 1168 4743 convertatur
1182 4693 1214 4744 et
1227 4678 1271 4743 ita
1284 4680 1467 4765 disponatur
1481 4659 1516 4747 dt
