<?xml version="1.0" encoding="UTF-8"?>
<!DOCTYPE html PUBLIC "-//W3C//DTD XHTML 1.0 Transitional//EN"
    "http://www.w3.org/TR/xhtml1/DTD/xhtml1-transitional.dtd">
<html xmlns="http://www.w3.org/1999/xhtml" xml:lang="en" lang="en">
 <head>
  <title>
</title>
<meta http-equiv="Content-Type" content="text/html;charset=utf-8" />
  <meta name='ocr-system' content='tesseract 3.04.00' />
  <meta name='ocr-capabilities' content='ocr_page ocr_carea ocr_par ocr_line ocrx_word'/>
</head>
<body>
  <div class='ocr_page' id='page_1' title='image "./philosophinatur05wriggoog_0052.png"; bbox 0 0 3384 5459; ppageno 0'>
   <div class='ocr_carea' id='block_1_1' title="bbox 235 411 1515 491">
    <p class='ocr_par' dir='ltr' id='par_1_1' title="bbox 235 411 1515 491">
     <span class='ocr_line' id='line_1_1' title="bbox 235 411 1515 491; baseline -0.002 -14"><span class='ocrx_word' id='word_1_1' title='bbox 235 422 256 477; x_wconf 82' lang='lat'><em>4</em></span> <span class='ocrx_word' id='word_1_2' title='bbox 516 411 857 479; x_wconf 80' lang='lat' dir='ltr'>PHILOSOPHIAE</span> <span class='ocrx_word' id='word_1_3' title='bbox 880 412 1152 478; x_wconf 83' lang='lat' dir='ltr'>NATURALIS</span> <span class='ocrx_word' id='word_1_4' title='bbox 1215 412 1287 491; x_wconf 78' lang='lat' dir='ltr'><strong>[Dr</strong></span> <span class='ocrx_word' id='word_1_5' title='bbox 1303 411 1515 477; x_wconf 71' lang='lat' dir='ltr'><strong>Monstras.</strong></span> 
     </span>
    </p>
   </div>
   <div class='ocr_carea' id='block_1_2' title="bbox 229 568 1518 1748">
    <p class='ocr_par' dir='ltr' id='par_1_2' title="bbox 231 568 1518 775">
     <span class='ocr_line' id='line_1_2' title="bbox 231 568 1518 673; baseline -0.002 -24"><span class='ocrx_word' id='word_1_6' title='bbox 231 594 336 673; x_wconf 76' lang='lat' dir='ltr'><strong>partes</strong></span> <span class='ocrx_word' id='word_1_7' title='bbox 362 583 470 648; x_wconf 78' lang='lat' dir='ltr'><strong>divisse</strong></span> <span class='ocrx_word' id='word_1_8' title='bbox 495 583 681 667; x_wconf 74' lang='lat' dir='ltr'><strong>separabiles</strong></span> <span class='ocrx_word' id='word_1_9' title='bbox 707 592 817 661; x_wconf 81' lang='lat' dir='ltr'>essent,</span> <span class='ocrx_word' id='word_1_10' title='bbox 846 584 901 647; x_wconf 88' lang='lat' dir='ltr'><strong>sed</strong></span> <span class='ocrx_word' id='word_1_11' title='bbox 915 585 1008 647; x_wconf 87' lang='lat' dir='ltr'><strong>etiam</strong></span> <span class='ocrx_word' id='word_1_12' title='bbox 1029 584 1116 670; x_wconf 92' lang='lat' dir='ltr'><strong>quod</strong></span> <span class='ocrx_word' id='word_1_13' title='bbox 1140 582 1280 646; x_wconf 72' lang='lat' dir='ltr'><strong>indivisas</strong></span> <span class='ocrx_word' id='word_1_14' title='bbox 1301 584 1335 646; x_wconf 90' lang='lat' dir='ltr'><strong>in</strong></span> <span class='ocrx_word' id='word_1_15' title='bbox 1356 568 1518 647; x_wconf 82' lang='lat' dir='ltr'><strong>infinitum</strong></span> 
     </span>
     <span class='ocr_line' id='line_1_3' title="bbox 232 692 485 775; baseline -0.016 -18"><span class='ocrx_word' id='word_1_16' title='bbox 232 692 330 757; x_wconf 86' lang='lat' dir='ltr'><strong>dividi</strong></span> <span class='ocrx_word' id='word_1_17' title='bbox 343 702 485 775; x_wconf 86' lang='lat' dir='ltr'><strong>possent.</strong></span> 
     </span>
    </p>

    <p class='ocr_par' dir='ltr' id='par_1_3' title="bbox 229 796 1516 1748">
     <span class='ocr_line' id='line_1_4' title="bbox 274 796 1513 885; baseline -0.001 -21"><span class='ocrx_word' id='word_1_18' title='bbox 274 798 421 883; x_wconf 89' lang='lat' dir='ltr'><strong>Denique</strong></span> <span class='ocrx_word' id='word_1_19' title='bbox 446 796 472 859; x_wconf 91' lang='lat' dir='ltr'><strong>si</strong></span> <span class='ocrx_word' id='word_1_20' title='bbox 498 816 629 881; x_wconf 83' lang='lat' dir='ltr'><strong>corpora</strong></span> <span class='ocrx_word' id='word_1_21' title='bbox 655 798 760 861; x_wconf 86' lang='lat' dir='ltr'><strong>omnis</strong></span> <span class='ocrx_word' id='word_1_22' title='bbox 783 798 818 861; x_wconf 91' lang='lat' dir='ltr'><strong>in</strong></span> <span class='ocrx_word' id='word_1_23' title='bbox 843 798 974 865; x_wconf 77' lang='lat' dir='ltr'><strong>circuitu</strong></span> <span class='ocrx_word' id='word_1_24' title='bbox 998 811 1090 863; x_wconf 78' lang='lat' dir='ltr'><strong>terrae</strong></span> <span class='ocrx_word' id='word_1_25' title='bbox 1114 799 1225 885; x_wconf 84' lang='lat' dir='ltr'><strong>gravia</strong></span> <span class='ocrx_word' id='word_1_26' title='bbox 1243 820 1310 863; x_wconf 87' lang='lat' dir='ltr'><strong>esse</strong></span> <span class='ocrx_word' id='word_1_27' title='bbox 1330 800 1365 862; x_wconf 92' lang='lat' dir='ltr'><strong>in</strong></span> <span class='ocrx_word' id='word_1_28' title='bbox 1386 811 1513 877; x_wconf 82' lang='lat' dir='ltr'><strong>terram,</strong></span> 
     </span>
     <span class='ocr_line' id='line_1_5' title="bbox 230 903 1515 993; baseline 0 -22"><span class='ocrx_word' id='word_1_29' title='bbox 230 907 326 993; x_wconf 90' lang='lat' dir='ltr'><strong>idque</strong></span> <span class='ocrx_word' id='word_1_30' title='bbox 339 926 399 990; x_wconf 91' lang='lat' dir='ltr'><strong>pro</strong></span> <span class='ocrx_word' id='word_1_31' title='bbox 414 903 585 988; x_wconf 80' lang='lat' dir='ltr'><strong>quantitate</strong></span> <span class='ocrx_word' id='word_1_32' title='bbox 598 903 738 967; x_wconf 82' lang='lat' dir='ltr'><strong>materiae</strong></span> <span class='ocrx_word' id='word_1_33' title='bbox 751 906 785 967; x_wconf 92' lang='lat' dir='ltr'><strong>in</strong></span> <span class='ocrx_word' id='word_1_34' title='bbox 799 905 940 991; x_wconf 81' lang='lat' dir='ltr'><strong>singulis,</strong></span> <span class='ocrx_word' id='word_1_35' title='bbox 961 918 993 969; x_wconf 87' lang='lat' dir='ltr'><strong>et</strong></span> <span class='ocrx_word' id='word_1_36' title='bbox 1005 905 1113 969; x_wconf 85' lang='lat' dir='ltr'><strong>lunam</strong></span> <span class='ocrx_word' id='word_1_37' title='bbox 1125 928 1253 993; x_wconf 80' lang='lat' dir='ltr'><strong>gravem</strong></span> <span class='ocrx_word' id='word_1_38' title='bbox 1267 929 1336 971; x_wconf 88' lang='lat' dir='ltr'><strong>esse</strong></span> <span class='ocrx_word' id='word_1_39' title='bbox 1351 907 1385 969; x_wconf 92' lang='lat' dir='ltr'><strong>in</strong></span> <span class='ocrx_word' id='word_1_40' title='bbox 1398 918 1515 971; x_wconf 84' lang='lat' dir='ltr'><strong>terram</strong></span> 
     </span>
     <span class='ocr_line' id='line_1_6' title="bbox 230 1012 1516 1101; baseline 0 -24"><span class='ocrx_word' id='word_1_41' title='bbox 230 1036 290 1101; x_wconf 91' lang='lat' dir='ltr'><strong>pro</strong></span> <span class='ocrx_word' id='word_1_42' title='bbox 316 1012 487 1099; x_wconf 80' lang='lat' dir='ltr'><strong>quantitate</strong></span> <span class='ocrx_word' id='word_1_43' title='bbox 509 1012 649 1075; x_wconf 85' lang='lat' dir='ltr'><strong>materiae</strong></span> <span class='ocrx_word' id='word_1_44' title='bbox 674 1034 749 1089; x_wconf 83' lang='lat' dir='ltr'><strong>suae,</strong></span> <span class='ocrx_word' id='word_1_45' title='bbox 777 1025 807 1077; x_wconf 90' lang='lat' dir='ltr'><strong>et</strong></span> <span class='ocrx_word' id='word_1_46' title='bbox 821 1014 956 1077; x_wconf 72' lang='lat' dir='ltr'><strong>richeim</strong></span> <span class='ocrx_word' id='word_1_47' title='bbox 980 1034 1068 1077; x_wconf 82' lang='lat' dir='ltr'><strong>mare</strong></span> <span class='ocrx_word' id='word_1_48' title='bbox 1091 1026 1234 1077; x_wconf 87' lang='lat' dir='ltr'><strong>nostrum</strong></span> <span class='ocrx_word' id='word_1_49' title='bbox 1260 1036 1357 1101; x_wconf 81' lang='lat' dir='ltr'><strong>grave</strong></span> <span class='ocrx_word' id='word_1_50' title='bbox 1384 1037 1452 1079; x_wconf 90' lang='lat' dir='ltr'><strong>esse</strong></span> <span class='ocrx_word' id='word_1_51' title='bbox 1479 1014 1516 1077; x_wconf 90' lang='lat' dir='ltr'><strong>in</strong></span> 
     </span>
     <span class='ocr_line' id='line_1_7' title="bbox 230 1122 1516 1213; baseline 0.001 -27"><span class='ocrx_word' id='word_1_52' title='bbox 230 1123 346 1200; x_wconf 79' lang='lat' dir='ltr'><strong>lunam,</strong></span> <span class='ocrx_word' id='word_1_53' title='bbox 362 1135 394 1186; x_wconf 91' lang='lat' dir='ltr'><strong>et</strong></span> <span class='ocrx_word' id='word_1_54' title='bbox 407 1122 548 1207; x_wconf 84' lang='lat' dir='ltr'><strong>planetas</strong></span> <span class='ocrx_word' id='word_1_55' title='bbox 563 1143 671 1185; x_wconf 92' lang='lat' dir='ltr'><strong>omnes</strong></span> <span class='ocrx_word' id='word_1_56' title='bbox 686 1144 796 1209; x_wconf 85' lang='lat' dir='ltr'><strong>graves</strong></span> <span class='ocrx_word' id='word_1_57' title='bbox 812 1144 878 1186; x_wconf 87' lang='lat' dir='ltr'><strong>esse</strong></span> <span class='ocrx_word' id='word_1_58' title='bbox 893 1124 927 1186; x_wconf 92' lang='lat' dir='ltr'><strong>in</strong></span> <span class='ocrx_word' id='word_1_59' title='bbox 941 1145 975 1187; x_wconf 80' lang='lat' dir='ltr'><strong>se</strong></span> <span class='ocrx_word' id='word_1_60' title='bbox 989 1135 1110 1201; x_wconf 89' lang='lat' dir='ltr'><strong>mutuo,</strong></span> <span class='ocrx_word' id='word_1_61' title='bbox 1130 1134 1162 1187; x_wconf 90' lang='lat' dir='ltr'><strong>et</strong></span> <span class='ocrx_word' id='word_1_62' title='bbox 1176 1136 1367 1213; x_wconf 86' lang='lat' dir='ltr'><strong>cometarum</strong></span> <span class='ocrx_word' id='word_1_63' title='bbox 1381 1123 1516 1187; x_wconf 87' lang='lat' dir='ltr'><strong>similem</strong></span> 
     </span>
     <span class='ocr_line' id='line_1_8' title="bbox 230 1229 1515 1320; baseline -0.002 -23"><span class='ocrx_word' id='word_1_64' title='bbox 230 1254 297 1297; x_wconf 89' lang='lat' dir='ltr'><strong>esse</strong></span> <span class='ocrx_word' id='word_1_65' title='bbox 311 1233 494 1320; x_wconf 54' lang='lat' dir='ltr'><strong>paritatem</strong></span> <span class='ocrx_word' id='word_1_66' title='bbox 508 1230 541 1293; x_wconf 90' lang='lat' dir='ltr'><strong>in</strong></span> <span class='ocrx_word' id='word_1_67' title='bbox 558 1230 672 1308; x_wconf 88' lang='lat' dir='ltr'><strong>Solem,</strong></span> <span class='ocrx_word' id='word_1_68' title='bbox 695 1252 752 1314; x_wconf 87' lang='lat' dir='ltr'><strong>per</strong></span> <span class='ocrx_word' id='word_1_69' title='bbox 766 1232 981 1315; x_wconf 83' lang='lat' dir='ltr'><strong>experimenta</strong></span> <span class='ocrx_word' id='word_1_70' title='bbox 994 1242 1026 1295; x_wconf 88' lang='lat' dir='ltr'><strong>et</strong></span> <span class='ocrx_word' id='word_1_71' title='bbox 1040 1229 1272 1295; x_wconf 76' lang='lat' dir='ltr'><strong>obseriationes</strong></span> <span class='ocrx_word' id='word_1_72' title='bbox 1288 1232 1515 1295; x_wconf 84' lang='lat' dir='ltr'><strong>astronomicus</strong></span> 
     </span>
     <span class='ocr_line' id='line_1_9' title="bbox 229 1338 1516 1441; baseline -0.002 -36"><span class='ocrx_word' id='word_1_73' title='bbox 229 1342 444 1407; x_wconf 83' lang='lat' dir='ltr'><strong>universaliter</strong></span> <span class='ocrx_word' id='word_1_74' title='bbox 458 1352 595 1406; x_wconf 86' lang='lat' dir='ltr'><strong>constet:</strong></span> <span class='ocrx_word' id='word_1_75' title='bbox 618 1339 786 1404; x_wconf 89' lang='lat' dir='ltr'><strong>dioendum</strong></span> <span class='ocrx_word' id='word_1_76' title='bbox 801 1342 862 1405; x_wconf 90' lang='lat' dir='ltr'><strong>erit</strong></span> <span class='ocrx_word' id='word_1_77' title='bbox 874 1362 932 1423; x_wconf 90' lang='lat' dir='ltr'><strong>per</strong></span> <span class='ocrx_word' id='word_1_78' title='bbox 946 1340 1027 1404; x_wconf 89' lang='lat' dir='ltr'><strong>hanc</strong></span> <span class='ocrx_word' id='word_1_79' title='bbox 1042 1339 1184 1427; x_wconf 81' lang='lat' dir='ltr'><strong>regulam</strong></span> <span class='ocrx_word' id='word_1_80' title='bbox 1197 1338 1284 1441; x_wconf 69' lang='lat' dir='ltr'><strong>quoq</strong></span> <span class='ocrx_word' id='word_1_81' title='bbox 1298 1362 1431 1423; x_wconf 84' lang='lat' dir='ltr'><strong>corpora</strong></span> <span class='ocrx_word' id='word_1_82' title='bbox 1445 1362 1516 1402; x_wconf 91' lang='lat' dir='ltr'><strong>om-</strong></span> 
     </span>
     <span class='ocr_line' id='line_1_10' title="bbox 229 1446 1515 1534; baseline 0 -23"><span class='ocrx_word' id='word_1_83' title='bbox 229 1450 283 1512; x_wconf 84' lang='lat' dir='ltr'><strong>nia</strong></span> <span class='ocrx_word' id='word_1_84' title='bbox 302 1449 335 1513; x_wconf 91' lang='lat' dir='ltr'><strong>in</strong></span> <span class='ocrx_word' id='word_1_85' title='bbox 358 1471 391 1513; x_wconf 89' lang='lat' dir='ltr'><strong>se</strong></span> <span class='ocrx_word' id='word_1_86' title='bbox 411 1459 521 1511; x_wconf 89' lang='lat' dir='ltr'><strong>mutuo</strong></span> <span class='ocrx_word' id='word_1_87' title='bbox 542 1446 706 1533; x_wconf 79' lang='lat' dir='ltr'><strong>gravitant.</strong></span> <span class='ocrx_word' id='word_1_88' title='bbox 752 1446 836 1511; x_wconf 81' lang='lat' dir='ltr'><strong>Nem</strong></span> <span class='ocrx_word' id='word_1_89' title='bbox 850 1458 882 1511; x_wconf 89' lang='lat' dir='ltr'><strong>et</strong></span> <span class='ocrx_word' id='word_1_90' title='bbox 895 1446 1006 1511; x_wconf 85' lang='lat' dir='ltr'><strong>fortius</strong></span> <span class='ocrx_word' id='word_1_91' title='bbox 1021 1448 1080 1510; x_wconf 87' lang='lat' dir='ltr'><strong>erit</strong></span> <span class='ocrx_word' id='word_1_92' title='bbox 1093 1459 1313 1534; x_wconf 84' lang='lat' dir='ltr'><strong>argumentum</strong></span> <span class='ocrx_word' id='word_1_93' title='bbox 1327 1470 1369 1510; x_wconf 82' lang='lat' dir='ltr'><strong>ex</strong></span> <span class='ocrx_word' id='word_1_94' title='bbox 1381 1447 1515 1531; x_wconf 88' lang='lat' dir='ltr'><strong>phaeno-</strong></span> 
     </span>
     <span class='ocr_line' id='line_1_11' title="bbox 229 1550 1516 1641; baseline 0 -22"><span class='ocrx_word' id='word_1_95' title='bbox 229 1555 329 1619; x_wconf 88' lang='lat' dir='ltr'><strong>menis</strong></span> <span class='ocrx_word' id='word_1_96' title='bbox 351 1554 390 1618; x_wconf 87' lang='lat' dir='ltr'><strong>de</strong></span> <span class='ocrx_word' id='word_1_97' title='bbox 411 1554 563 1641; x_wconf 79' lang='lat' dir='ltr'><strong>gravitate</strong></span> <span class='ocrx_word' id='word_1_98' title='bbox 585 1551 760 1630; x_wconf 84' lang='lat' dir='ltr'><strong>urriversali,</strong></span> <span class='ocrx_word' id='word_1_99' title='bbox 784 1550 879 1638; x_wconf 75' lang='lat' dir='ltr'><strong>quim</strong></span> <span class='ocrx_word' id='word_1_100' title='bbox 893 1552 934 1616; x_wconf 87' lang='lat' dir='ltr'><strong>de</strong></span> <span class='ocrx_word' id='word_1_101' title='bbox 951 1576 1119 1637; x_wconf 89' lang='lat' dir='ltr'><strong>oorporum</strong></span> <span class='ocrx_word' id='word_1_102' title='bbox 1140 1555 1450 1638; x_wconf 82' lang='lat' dir='ltr'><strong>impenetrabilitate:</strong></span> <span class='ocrx_word' id='word_1_103' title='bbox 1474 1556 1516 1619; x_wconf 88' lang='lat' dir='ltr'><strong>de</strong></span> 
     </span>
     <span class='ocr_line' id='line_1_12' title="bbox 229 1658 1516 1748; baseline -0.001 -23"><span class='ocrx_word' id='word_1_104' title='bbox 229 1662 290 1748; x_wconf 76' lang='lat' dir='ltr'><strong>qui</strong></span> <span class='ocrx_word' id='word_1_105' title='bbox 320 1661 427 1745; x_wconf 86' lang='lat' dir='ltr'><strong>utique</strong></span> <span class='ocrx_word' id='word_1_106' title='bbox 463 1659 495 1722; x_wconf 90' lang='lat' dir='ltr'><strong>in</strong></span> <span class='ocrx_word' id='word_1_107' title='bbox 532 1659 717 1743; x_wconf 81' lang='lat' dir='ltr'><strong>corporibus</strong></span> <span class='ocrx_word' id='word_1_108' title='bbox 748 1658 925 1723; x_wconf 86' lang='lat' dir='ltr'><strong>coelestibus</strong></span> <span class='ocrx_word' id='word_1_109' title='bbox 953 1660 1076 1723; x_wconf 90' lang='lat' dir='ltr'><strong>nullum</strong></span> <span class='ocrx_word' id='word_1_110' title='bbox 1105 1661 1365 1744; x_wconf 81' lang='lat' dir='ltr'><strong>experimentum,</strong></span> <span class='ocrx_word' id='word_1_111' title='bbox 1396 1662 1516 1725; x_wconf 79' lang='lat' dir='ltr'><strong>nullam</strong></span> 
     </span>
    </p>
   </div>
   <div class='ocr_carea' id='block_1_3' title="bbox 229 1759 1620 1853">
    <p class='ocr_par' dir='ltr' id='par_1_4' title="bbox 229 1759 1620 1853">
     <span class='ocr_line' id='line_1_13' title="bbox 229 1759 1620 1853; baseline 0.003 -24"><span class='ocrx_word' id='word_1_112' title='bbox 229 1788 357 1853; x_wconf 89' lang='lat' dir='ltr'><strong>prorsus</strong></span> <span class='ocrx_word' id='word_1_113' title='bbox 372 1764 619 1831; x_wconf 88' lang='lat' dir='ltr'><strong>observationem</strong></span> <span class='ocrx_word' id='word_1_114' title='bbox 633 1764 794 1849; x_wconf 84' lang='lat' dir='ltr'><strong>habemus.</strong></span> <span class='ocrx_word' id='word_1_115' title='bbox 840 1766 991 1829; x_wconf 79' lang='lat' dir='ltr'><strong>Attamen</strong></span> <span class='ocrx_word' id='word_1_116' title='bbox 1004 1768 1191 1853; x_wconf 70' lang='lat' dir='ltr'><strong>grantatem</strong></span> <span class='ocrx_word' id='word_1_117' title='bbox 1205 1768 1389 1853; x_wconf 86' lang='lat' dir='ltr'><strong>corporibus</strong></span> <span class='ocrx_word' id='word_1_118' title='bbox 1410 1792 1516 1833; x_wconf 88' lang='lat' dir='ltr'><strong>essen·</strong></span> <span class='ocrx_word' id='word_1_119' title='bbox 1609 1759 1620 1771; x_wconf 56' lang='grc'><strong>’</strong></span> 
     </span>
    </p>
   </div>
   <div class='ocr_carea' id='block_1_4' title="bbox 229 1872 1514 2066">
    <p class='ocr_par' dir='ltr' id='par_1_5' title="bbox 229 1872 1514 2066">
     <span class='ocr_line' id='line_1_14' title="bbox 229 1872 1514 1963; baseline -0.001 -20"><span class='ocrx_word' id='word_1_120' title='bbox 229 1876 334 1943; x_wconf 81' lang='lat' dir='ltr'><strong>tialem</strong></span> <span class='ocrx_word' id='word_1_121' title='bbox 348 1896 415 1939; x_wconf 87' lang='lat' dir='ltr'><strong>esse</strong></span> <span class='ocrx_word' id='word_1_122' title='bbox 429 1872 556 1937; x_wconf 64' lang='lat' dir='ltr'><strong>mistim&amp;</strong></span> <span class='ocrx_word' id='word_1_123' title='bbox 571 1874 702 1939; x_wconf 82' lang='lat' dir='ltr'><strong>affinuo</strong></span> <span class='ocrx_word' id='word_1_124' title='bbox 741 1874 805 1937; x_wconf 86' lang='lat' dir='ltr'><strong>Per</strong></span> <span class='ocrx_word' id='word_1_125' title='bbox 818 1872 882 1937; x_wconf 87' lang='lat' dir='ltr'><strong>vim</strong></span> <span class='ocrx_word' id='word_1_126' title='bbox 896 1875 1022 1939; x_wconf 85' lang='lat' dir='ltr'><strong>insitam</strong></span> <span class='ocrx_word' id='word_1_127' title='bbox 1035 1876 1176 1963; x_wconf 84' lang='lat' dir='ltr'><strong>intelligo</strong></span> <span class='ocrx_word' id='word_1_128' title='bbox 1190 1876 1288 1939; x_wconf 82' lang='lat' dir='ltr'><strong>solam</strong></span> <span class='ocrx_word' id='word_1_129' title='bbox 1302 1878 1366 1939; x_wconf 88' lang='lat' dir='ltr'><strong>vim</strong></span> <span class='ocrx_word' id='word_1_130' title='bbox 1382 1878 1514 1942; x_wconf 84' lang='lat' dir='ltr'><strong>inertiae.</strong></span> 
     </span>
     <span class='ocr_line' id='line_1_15' title="bbox 232 1980 1392 2066; baseline 0.002 -19"><span class='ocrx_word' id='word_1_131' title='bbox 232 1983 315 2047; x_wconf 86' lang='lat' dir='ltr'><strong>Haec</strong></span> <span class='ocrx_word' id='word_1_132' title='bbox 329 1983 529 2049; x_wconf 79' lang='lat' dir='ltr'><strong>immutabilis</strong></span> <span class='ocrx_word' id='word_1_133' title='bbox 543 1992 599 2047; x_wconf 85' lang='lat' dir='ltr'><strong>est</strong></span> <span class='ocrx_word' id='word_1_134' title='bbox 646 1980 685 2066; x_wconf 80' lang='lat'><strong>(⁶)</strong></span> <span class='ocrx_word' id='word_1_135' title='bbox 703 1981 852 2051; x_wconf 81' lang='lat' dir='ltr'><strong>Gravitas</strong></span> <span class='ocrx_word' id='word_1_136' title='bbox 866 1982 1043 2049; x_wconf 83' lang='lat' dir='ltr'><strong>resedendo</strong></span> <span class='ocrx_word' id='word_1_137' title='bbox 1058 2007 1077 2047; x_wconf 85' lang='lat' dir='ltr'><strong>s</strong></span> <span class='ocrx_word' id='word_1_138' title='bbox 1091 1984 1184 2062; x_wconf 78' lang='lat' dir='ltr'><strong>tetri,</strong></span> <span class='ocrx_word' id='word_1_139' title='bbox 1200 1984 1392 2049; x_wconf 87' lang='lat' dir='ltr'><strong>diminuitur.</strong></span> 
     </span>
    </p>
   </div>
   <div class='ocr_carea' id='block_1_5' title="bbox 736 2180 1013 2246">
    <p class='ocr_par' dir='ltr' id='par_1_6' title="bbox 736 2180 1013 2246">
     <span class='ocr_line' id='line_1_16' title="bbox 736 2180 1013 2246; baseline 0.011 -3"><span class='ocrx_word' id='word_1_140' title='bbox 736 2180 931 2246; x_wconf 88' lang='lat' dir='ltr'><strong>REGULA</strong></span> <span class='ocrx_word' id='word_1_141' title='bbox 954 2182 1013 2246; x_wconf 90' lang='lat' dir='ltr'><strong>IV.</strong></span> 
     </span>
    </p>
   </div>
   <div class='ocr_carea' id='block_1_6' title="bbox 229 2349 1518 2756">
    <p class='ocr_par' dir='ltr' id='par_1_7' title="bbox 229 2349 1518 2756">
     <span class='ocr_line' id='line_1_17' title="bbox 229 2349 1515 2437; baseline 0.002 -22"><span class='ocrx_word' id='word_1_142' title='bbox 229 2352 270 2415; x_wconf 82' lang='lat' dir='ltr'><strong>ln</strong></span> <span class='ocrx_word' id='word_1_143' title='bbox 284 2349 478 2434; x_wconf 78' lang='lat' dir='ltr'><strong>philosophid</strong></span> <span class='ocrx_word' id='word_1_144' title='bbox 493 2355 729 2435; x_wconf 78' lang='lat' dir='ltr'><strong>esperimentali,</strong></span> <span class='ocrx_word' id='word_1_145' title='bbox 747 2355 970 2437; x_wconf 82' lang='lat' dir='ltr'><strong>propositiones</strong></span> <span class='ocrx_word' id='word_1_146' title='bbox 985 2376 1022 2416; x_wconf 82' lang='lat' dir='ltr'><strong>en</strong></span> <span class='ocrx_word' id='word_1_147' title='bbox 1030 2354 1234 2435; x_wconf 78' lang='lat' dir='ltr'><strong>phaerwmenis</strong></span> <span class='ocrx_word' id='word_1_148' title='bbox 1241 2374 1302 2436; x_wconf 86' lang='lat' dir='ltr'><strong>per</strong></span> <span class='ocrx_word' id='word_1_149' title='bbox 1316 2354 1515 2418; x_wconf 81' lang='lat' dir='ltr'><strong>inductionem</strong></span> 
     </span>
     <span class='ocr_line' id='line_1_18' title="bbox 272 2460 1518 2543; baseline 0.003 -22"><span class='ocrx_word' id='word_1_150' title='bbox 272 2460 409 2535; x_wconf 71' lang='lat' dir='ltr'><strong>collectae,</strong></span> <span class='ocrx_word' id='word_1_151' title='bbox 433 2480 494 2521; x_wconf 87' lang='lat' dir='ltr'><strong>non</strong></span> <span class='ocrx_word' id='word_1_152' title='bbox 516 2460 699 2524; x_wconf 80' lang='lat' dir='ltr'><strong>obstantibus</strong></span> <span class='ocrx_word' id='word_1_153' title='bbox 720 2463 884 2524; x_wconf 85' lang='lat' dir='ltr'><strong>contrariis</strong></span> <span class='ocrx_word' id='word_1_154' title='bbox 905 2460 1120 2543; x_wconf 64' lang='lat' dir='ltr'><strong>hypothesibus,</strong></span> <span class='ocrx_word' id='word_1_155' title='bbox 1135 2482 1197 2542; x_wconf 84' lang='lat' dir='ltr'><strong>pro</strong></span> <span class='ocrx_word' id='word_1_156' title='bbox 1217 2462 1295 2524; x_wconf 83' lang='lat' dir='ltr'><strong>veris</strong></span> <span class='ocrx_word' id='word_1_157' title='bbox 1309 2471 1363 2523; x_wconf 79' lang='lat' dir='ltr'><strong>aa</strong></span> <span class='ocrx_word' id='word_1_158' title='bbox 1376 2460 1518 2525; x_wconf 71' lang='lat' dir='ltr'><strong>ammai</strong></span> 
     </span>
     <span class='ocr_line' id='line_1_19' title="bbox 272 2562 1517 2652; baseline 0.005 -26"><span class='ocrx_word' id='word_1_159' title='bbox 272 2574 327 2627; x_wconf 86' lang='lat' dir='ltr'><strong>aut</strong></span> <span class='ocrx_word' id='word_1_160' title='bbox 352 2562 575 2648; x_wconf 69' lang='lat' dir='ltr'><strong>quamproxime*</strong></span> <span class='ocrx_word' id='word_1_161' title='bbox 588 2566 695 2628; x_wconf 79' lang='lat' dir='ltr'><strong>haberi</strong></span> <span class='ocrx_word' id='word_1_162' title='bbox 708 2566 823 2643; x_wconf 83' lang='lat' dir='ltr'><strong>debent,</strong></span> <span class='ocrx_word' id='word_1_163' title='bbox 851 2570 943 2630; x_wconf 86' lang='lat' dir='ltr'><strong>donec</strong></span> <span class='ocrx_word' id='word_1_164' title='bbox 957 2569 1022 2628; x_wconf 87' lang='lat' dir='ltr'><strong>alia</strong></span> <span class='ocrx_word' id='word_1_165' title='bbox 1036 2570 1219 2631; x_wconf 73' lang='lat' dir='ltr'><strong>occumerint</strong></span> <span class='ocrx_word' id='word_1_166' title='bbox 1227 2570 1434 2649; x_wconf 65' lang='lat' dir='ltr'><strong>phanonem,</strong></span> <span class='ocrx_word' id='word_1_167' title='bbox 1455 2592 1517 2652; x_wconf 83' lang='lat' dir='ltr'><strong>per</strong></span> 
     </span>
     <span class='ocr_line' id='line_1_20' title="bbox 272 2672 1339 2756; baseline 0.002 -22"><span class='ocrx_word' id='word_1_168' title='bbox 272 2690 338 2756; x_wconf 71' lang='lat' dir='ltr'><strong>quar</strong></span> <span class='ocrx_word' id='word_1_169' title='bbox 352 2682 406 2735; x_wconf 79' lang='lat' dir='ltr'><strong>urit</strong></span> <span class='ocrx_word' id='word_1_170' title='bbox 420 2674 620 2737; x_wconf 78' lang='lat' dir='ltr'><strong>acmrntiores</strong></span> <span class='ocrx_word' id='word_1_171' title='bbox 634 2674 802 2736; x_wconf 82' lang='lat' dir='ltr'><strong>redduntur</strong></span> <span class='ocrx_word' id='word_1_172' title='bbox 816 2682 871 2735; x_wconf 84' lang='lat' dir='ltr'><strong>aut</strong></span> <span class='ocrx_word' id='word_1_173' title='bbox 885 2672 1104 2754; x_wconf 67' lang='lat' dir='ltr'><strong>exceptionibus</strong></span> <span class='ocrx_word' id='word_1_174' title='bbox 1119 2672 1262 2736; x_wconf 65' lang='lat' dir='ltr'><strong>omnnia.</strong></span> <span class='ocrx_word' id='word_1_175' title='bbox 1335 2709 1339 2728; x_wconf 66' lang='grc' dir='ltr'>ι</span> 
     </span>
    </p>
   </div>
   <div class='ocr_carea' id='block_1_7' title="bbox 272 2802 1514 2929">
    <p class='ocr_par' dir='ltr' id='par_1_8' title="bbox 272 2802 1514 2929">
     <span class='ocr_line' id='line_1_21' title="bbox 272 2802 1514 2929; baseline 0.008 -29"><span class='ocrx_word' id='word_1_176' title='bbox 272 2838 311 2923; x_wconf 69' lang='lat'><strong>(³)</strong></span> <span class='ocrx_word' id='word_1_177' title='bbox 328 2802 404 2902; x_wconf 77' lang='lat' dir='ltr'><strong>Hoo</strong></span> <span class='ocrx_word' id='word_1_178' title='bbox 418 2837 488 2902; x_wconf 85' lang='lat' dir='ltr'><strong>lieri</strong></span> <span class='ocrx_word' id='word_1_179' title='bbox 502 2837 650 2905; x_wconf 85' lang='lat' dir='ltr'><strong>debetne</strong></span> <span class='ocrx_word' id='word_1_180' title='bbox 664 2852 885 2927; x_wconf 79' lang='lat' dir='ltr'><strong>argumentum</strong></span> <span class='ocrx_word' id='word_1_181' title='bbox 902 2839 1090 2904; x_wconf 87' lang='lat' dir='ltr'><strong>inductionis</strong></span> <span class='ocrx_word' id='word_1_182' title='bbox 1104 2839 1231 2905; x_wconf 88' lang='lat' dir='ltr'><strong>tollatur</strong></span> <span class='ocrx_word' id='word_1_183' title='bbox 1244 2860 1301 2926; x_wconf 86' lang='lat' dir='ltr'><strong>per</strong></span> <span class='ocrx_word' id='word_1_184' title='bbox 1314 2840 1514 2929; x_wconf 81' lang='lat' dir='ltr'><strong>hypotheses.</strong></span> 
     </span>
    </p>
   </div>
   <div class='ocr_carea' id='block_1_8' title="bbox 232 3004 1518 4081">
    <p class='ocr_par' dir='ltr' id='par_1_9' title="bbox 232 3004 1517 3131">
     <span class='ocr_line' id='line_1_22' title="bbox 264 3004 1516 3081; baseline 0 -26"><span class='ocrx_word' id='word_1_185' title='bbox 264 3004 298 3081; x_wconf 53' lang='grc' dir='ltr'><strong>(ί)</strong></span> <span class='ocrx_word' id='word_1_186' title='bbox 311 3008 325 3036; x_wconf 78' lang='lat'><strong>¹¹</strong></span> <span class='ocrx_word' id='word_1_187' title='bbox 343 3005 448 3055; x_wconf 77' lang='lat' dir='ltr'><strong>Gravitas</strong></span> <span class='ocrx_word' id='word_1_188' title='bbox 463 3006 584 3055; x_wconf 69' lang='lat' dir='ltr'><strong>mandendo</strong></span> <span class='ocrx_word' id='word_1_189' title='bbox 600 3022 615 3053; x_wconf 83' lang='lat' dir='ltr'><strong>a</strong></span> <span class='ocrx_word' id='word_1_190' title='bbox 631 3004 693 3053; x_wconf 79' lang='lat' dir='ltr'><strong>tmd</strong></span> <span class='ocrx_word' id='word_1_191' title='bbox 709 3006 858 3064; x_wconf 73' lang='lat' dir='ltr'><strong>diminuitur,</strong></span> <span class='ocrx_word' id='word_1_192' title='bbox 891 3004 961 3053; x_wconf 75' lang='lat' dir='ltr'><strong>dueta</strong></span> <span class='ocrx_word' id='word_1_193' title='bbox 977 3004 1007 3052; x_wconf 81' lang='lat' dir='ltr'><strong>ed</strong></span> <span class='ocrx_word' id='word_1_194' title='bbox 1023 3004 1172 3053; x_wconf 74' lang='lat' dir='ltr'><strong>stabiliendos</strong></span> <span class='ocrx_word' id='word_1_195' title='bbox 1187 3006 1258 3053; x_wconf 83' lang='lat' dir='ltr'><strong>modo</strong></span> <span class='ocrx_word' id='word_1_196' title='bbox 1268 3004 1448 3055; x_wconf 79' lang='lat' dir='ltr'><strong>demonstrativo</strong></span> <span class='ocrx_word' id='word_1_197' title='bbox 1458 3022 1516 3055; x_wconf 84' lang='lat' dir='ltr'><strong>ron·</strong></span> 
     </span>
     <span class='ocr_line' id='line_1_23' title="bbox 232 3067 1517 3131; baseline 0.002 -14"><span class='ocrx_word' id='word_1_198' title='bbox 232 3077 261 3117; x_wconf 87' lang='lat' dir='ltr'><strong>ut</strong></span> <span class='ocrx_word' id='word_1_199' title='bbox 271 3067 333 3117; x_wconf 79' lang='lat' dir='ltr'><strong>rnird</strong></span> <span class='ocrx_word' id='word_1_200' title='bbox 343 3068 548 3115; x_wconf 78' lang='lat' dir='ltr'><strong>demonstrabitur.</strong></span> <span class='ocrx_word' id='word_1_201' title='bbox 890 3070 1006 3115; x_wconf 83' lang='lat' dir='ltr'><strong>elusiones</strong></span> <span class='ocrx_word' id='word_1_202' title='bbox 1026 3069 1146 3131; x_wconf 76' lang='lat' dir='ltr'><strong>generales</strong></span> <span class='ocrx_word' id='word_1_203' title='bbox 1167 3070 1221 3117; x_wconf 83' lang='lat' dir='ltr'><strong>satis</strong></span> <span class='ocrx_word' id='word_1_204' title='bbox 1239 3070 1359 3129; x_wconf 75' lang='lat' dir='ltr'><strong>nussim,</strong></span> <span class='ocrx_word' id='word_1_205' title='bbox 1378 3072 1417 3118; x_wconf 83' lang='lat' dir='ltr'><strong>hie</strong></span> <span class='ocrx_word' id='word_1_206' title='bbox 1435 3080 1517 3119; x_wconf 74' lang='lat' dir='ltr'><strong>umen</strong></span> 
     </span>
    </p>

    <p class='ocr_par' dir='ltr' id='par_1_10' title="bbox 233 3132 1518 4081">
     <span class='ocr_line' id='line_1_24' title="bbox 266 3132 1515 3201; baseline 0 -20"><span class='ocrx_word' id='word_1_207' title='bbox 266 3132 302 3195; x_wconf 80' lang='lat'><strong>(‘)</strong></span> <span class='ocrx_word' id='word_1_208' title='bbox 322 3136 335 3164; x_wconf 80' lang='lat'>⁸</span> <span class='ocrx_word' id='word_1_209' title='bbox 362 3135 414 3181; x_wconf 83' lang='lat' dir='ltr'><strong>Hac</strong></span> <span class='ocrx_word' id='word_1_210' title='bbox 427 3135 486 3201; x_wconf 75' lang='lat' dir='ltr'><strong>fieri</strong></span> <span class='ocrx_word' id='word_1_211' title='bbox 504 3136 573 3181; x_wconf 72' lang='lat' dir='ltr'><strong>debet</strong></span> <span class='ocrx_word' id='word_1_212' title='bbox 621 3132 692 3180; x_wconf 79' lang='lat' dir='ltr'><strong>Hanc</strong></span> <span class='ocrx_word' id='word_1_213' title='bbox 709 3132 816 3195; x_wconf 79' lang='lat' dir='ltr'><strong>regulam</strong></span> <span class='ocrx_word' id='word_1_214' title='bbox 834 3132 860 3178; x_wconf 90' lang='lat' dir='ltr'><strong>in</strong></span> <span class='ocrx_word' id='word_1_215' title='bbox 891 3132 1044 3179; x_wconf 72' lang='lat' dir='ltr'><strong>rauocinendi</strong></span> <span class='ocrx_word' id='word_1_216' title='bbox 1063 3132 1149 3179; x_wconf 88' lang='lat' dir='ltr'><strong>modus</strong></span> <span class='ocrx_word' id='word_1_217' title='bbox 1169 3142 1205 3180; x_wconf 86' lang='lat' dir='ltr'><strong>est</strong></span> <span class='ocrx_word' id='word_1_218' title='bbox 1230 3133 1336 3181; x_wconf 89' lang='lat' dir='ltr'><strong>omnium</strong></span> <span class='ocrx_word' id='word_1_219' title='bbox 1356 3150 1416 3196; x_wconf 84' lang='lat' dir='ltr'><strong>quos</strong></span> <span class='ocrx_word' id='word_1_220' title='bbox 1436 3150 1515 3182; x_wconf 86' lang='lat' dir='ltr'><strong>rerum</strong></span> 
     </span>
     <span class='ocr_line' id='line_1_25' title="bbox 233 3194 1517 3259; baseline 0.003 -17"><span class='ocrx_word' id='word_1_221' title='bbox 233 3195 403 3258; x_wconf 72' lang='lat' dir='ltr'><strong>questionibus</strong></span> <span class='ocrx_word' id='word_1_222' title='bbox 412 3196 544 3255; x_wconf 82' lang='lat' dir='ltr'><strong>opdolshoc</strong></span> <span class='ocrx_word' id='word_1_223' title='bbox 552 3194 601 3243; x_wconf 69' lang='lat' dir='ltr'><strong>sere</strong></span> <span class='ocrx_word' id='word_1_224' title='bbox 608 3196 677 3244; x_wconf 84' lang='lat' dir='ltr'><strong>modo</strong></span> <span class='ocrx_word' id='word_1_225' title='bbox 684 3198 780 3257; x_wconf 81' lang='lat' dir='ltr'><strong>exponit</strong></span> <span class='ocrx_word' id='word_1_226' title='bbox 790 3196 861 3243; x_wconf 80' lang='lat' dir='ltr'><strong>Nen-</strong></span> <span class='ocrx_word' id='word_1_227' title='bbox 891 3195 976 3243; x_wconf 74' lang='lat' dir='ltr'><strong>neunt</strong></span> <span class='ocrx_word' id='word_1_228' title='bbox 990 3196 1111 3244; x_wconf 71' lang='lat' dir='ltr'><strong>admittere</strong></span> <span class='ocrx_word' id='word_1_229' title='bbox 1120 3196 1194 3257; x_wconf 86' lang='lat' dir='ltr'><strong>possit</strong></span> <span class='ocrx_word' id='word_1_230' title='bbox 1202 3197 1312 3256; x_wconf 82' lang='lat' dir='ltr'><strong>optimus,</strong></span> <span class='ocrx_word' id='word_1_231' title='bbox 1329 3196 1394 3259; x_wconf 81' lang='lat' dir='ltr'><strong>isque</strong></span> <span class='ocrx_word' id='word_1_232' title='bbox 1403 3196 1433 3245; x_wconf 83' lang='lat' dir='ltr'><strong>ed</strong></span> <span class='ocrx_word' id='word_1_233' title='bbox 1443 3199 1517 3246; x_wconf 86' lang='lat' dir='ltr'><strong>tutior</strong></span> 
     </span>
     <span class='ocr_line' id='line_1_26' title="bbox 233 3258 1516 3322; baseline 0.004 -17"><span class='ocrx_word' id='word_1_234' title='bbox 233 3268 312 3306; x_wconf 87' lang='lat' dir='ltr'><strong>tonus.</strong></span> <span class='ocrx_word' id='word_1_235' title='bbox 338 3259 369 3307; x_wconf 92' lang='lat' dir='ltr'><strong>In</strong></span> <span class='ocrx_word' id='word_1_236' title='bbox 380 3259 481 3321; x_wconf 80' lang='lat' dir='ltr'><strong>physicis</strong></span> <span class='ocrx_word' id='word_1_237' title='bbox 492 3273 540 3306; x_wconf 91' lang='lat' dir='ltr'><strong>non</strong></span> <span class='ocrx_word' id='word_1_238' title='bbox 551 3260 685 3307; x_wconf 75' lang='lat' dir='ltr'><strong>moussein</strong></span> <span class='ocrx_word' id='word_1_239' title='bbox 694 3258 861 3307; x_wconf 81' lang='lat' dir='ltr'><strong>methemau‘cis</strong></span> <span class='ocrx_word' id='word_1_240' title='bbox 891 3260 993 3319; x_wconf 80' lang='lat' dir='ltr'><strong>reputari</strong></span> <span class='ocrx_word' id='word_1_241' title='bbox 1010 3259 1078 3307; x_wconf 85' lang='lat' dir='ltr'><strong>debet</strong></span> <span class='ocrx_word' id='word_1_242' title='bbox 1095 3259 1143 3321; x_wconf 80' lang='lat' dir='ltr'><strong>qud</strong></span> <span class='ocrx_word' id='word_1_243' title='bbox 1158 3260 1288 3322; x_wconf 75' lang='lat' dir='ltr'><strong>generalior</strong></span> <span class='ocrx_word' id='word_1_244' title='bbox 1302 3270 1338 3308; x_wconf 87' lang='lat' dir='ltr'><strong>est</strong></span> <span class='ocrx_word' id='word_1_245' title='bbox 1352 3260 1472 3320; x_wconf 60' lang='lat' dir='ltr'><strong>induerim</strong></span> <span class='ocrx_word' id='word_1_246' title='bbox 1494 3262 1516 3309; x_wconf 84' lang='lat' dir='ltr'><strong>si</strong></span> 
     </span>
     <span class='ocr_line' id='line_1_27' title="bbox 235 3322 1515 3386; baseline 0.002 -17"><span class='ocrx_word' id='word_1_247' title='bbox 235 3322 343 3377; x_wconf 68' lang='lat' dir='ltr'><strong>niensis,</strong></span> <span class='ocrx_word' id='word_1_248' title='bbox 359 3326 390 3370; x_wconf 80' lang='lat' dir='ltr'><strong>ed</strong></span> <span class='ocrx_word' id='word_1_249' title='bbox 406 3338 444 3373; x_wconf 85' lang='lat' dir='ltr'><strong>res</strong></span> <span class='ocrx_word' id='word_1_250' title='bbox 458 3322 565 3371; x_wconf 79' lang='lat' dir='ltr'><strong>difficiles</strong></span> <span class='ocrx_word' id='word_1_251' title='bbox 579 3322 728 3385; x_wconf 81' lang='lat' dir='ltr'><strong>inquirendas</strong></span> <span class='ocrx_word' id='word_1_252' title='bbox 738 3322 863 3370; x_wconf 80' lang='lat' dir='ltr'><strong>methodus</strong></span> <span class='ocrx_word' id='word_1_253' title='bbox 893 3333 972 3370; x_wconf 80' lang='lat' dir='ltr'><strong>sutem</strong></span> <span class='ocrx_word' id='word_1_254' title='bbox 989 3324 1055 3369; x_wconf 84' lang='lat' dir='ltr'><strong>nulla</strong></span> <span class='ocrx_word' id='word_1_255' title='bbox 1070 3324 1250 3386; x_wconf 78' lang='lat' dir='ltr'><strong>repugnaverint</strong></span> <span class='ocrx_word' id='word_1_256' title='bbox 1265 3325 1425 3383; x_wconf 57' lang='lat' dir='ltr'><strong>manmena,</strong></span> <span class='ocrx_word' id='word_1_257' title='bbox 1442 3340 1515 3386; x_wconf 78' lang='lat' dir='ltr'><strong>gens-</strong></span> 
     </span>
     <span class='ocr_line' id='line_1_28' title="bbox 234 3384 1517 3449; baseline 0.003 -16"><span class='ocrx_word' id='word_1_258' title='bbox 234 3386 349 3447; x_wconf 79' lang='lat' dir='ltr'><strong>enslytiea</strong></span> <span class='ocrx_word' id='word_1_259' title='bbox 368 3384 432 3447; x_wconf 85' lang='lat' dir='ltr'><strong>priirs</strong></span> <span class='ocrx_word' id='word_1_260' title='bbox 447 3396 482 3434; x_wconf 84' lang='lat' dir='ltr'><strong>est</strong></span> <span class='ocrx_word' id='word_1_261' title='bbox 494 3387 626 3447; x_wconf 78' lang='lat' dir='ltr'><strong>usurpanda</strong></span> <span class='ocrx_word' id='word_1_262' title='bbox 644 3385 715 3449; x_wconf 68' lang='lat' dir='ltr'><strong>quim</strong></span> <span class='ocrx_word' id='word_1_263' title='bbox 734 3386 863 3447; x_wconf 69' lang='lat' dir='ltr'><strong>synthesim</strong></span> <span class='ocrx_word' id='word_1_264' title='bbox 893 3386 966 3433; x_wconf 80' lang='lat' dir='ltr'><strong>telem</strong></span> <span class='ocrx_word' id='word_1_265' title='bbox 977 3387 1149 3435; x_wconf 80' lang='lat' dir='ltr'><strong>conclusionem</strong></span> <span class='ocrx_word' id='word_1_266' title='bbox 1160 3386 1275 3433; x_wconf 83' lang='lat' dir='ltr'><strong>deducere</strong></span> <span class='ocrx_word' id='word_1_267' title='bbox 1285 3386 1371 3435; x_wconf 74' lang='lat' dir='ltr'><strong>licebit.</strong></span> <span class='ocrx_word' id='word_1_268' title='bbox 1407 3388 1517 3437; x_wconf 76' lang='lat' dir='ltr'><strong>Sinvero</strong></span> 
     </span>
     <span class='ocr_line' id='line_1_29' title="bbox 235 3449 1516 3517; baseline 0.003 -22"><span class='ocrx_word' id='word_1_269' title='bbox 235 3450 360 3497; x_wconf 83' lang='lat' dir='ltr'><strong>methodus</strong></span> <span class='ocrx_word' id='word_1_270' title='bbox 378 3450 403 3497; x_wconf 92' lang='lat' dir='ltr'><strong>ln</strong></span> <span class='ocrx_word' id='word_1_271' title='bbox 425 3450 541 3497; x_wconf 79' lang='lat' dir='ltr'><strong>auxilium</strong></span> <span class='ocrx_word' id='word_1_272' title='bbox 562 3461 664 3497; x_wconf 80' lang='lat' dir='ltr'><strong>vocetur.</strong></span> <span class='ocrx_word' id='word_1_273' title='bbox 703 3450 765 3497; x_wconf 82' lang='lat' dir='ltr'><strong>Haec</strong></span> <span class='ocrx_word' id='word_1_274' title='bbox 786 3450 863 3511; x_wconf 78' lang='lat' dir='ltr'><strong>prime</strong></span> <span class='ocrx_word' id='word_1_275' title='bbox 893 3449 1001 3517; x_wconf 76' lang='lat' dir='ltr'><strong>deinceps</strong></span> <span class='ocrx_word' id='word_1_276' title='bbox 1011 3451 1516 3513; x_wconf 63' lang='lat' dir='ltr'><strong>mnuaneoccunsntphunomenuexeep-</strong></span> 
     </span>
     <span class='ocr_line' id='line_1_30' title="bbox 235 3512 1517 3577; baseline -0.001 -18"><span class='ocrx_word' id='word_1_277' title='bbox 235 3512 360 3559; x_wconf 83' lang='lat' dir='ltr'><strong>methodus</strong></span> <span class='ocrx_word' id='word_1_278' title='bbox 370 3513 396 3561; x_wconf 91' lang='lat' dir='ltr'><strong>in</strong></span> <span class='ocrx_word' id='word_1_279' title='bbox 406 3528 435 3561; x_wconf 89' lang='lat' dir='ltr'><strong>eo</strong></span> <span class='ocrx_word' id='word_1_280' title='bbox 445 3514 519 3573; x_wconf 83' lang='lat' dir='ltr'><strong>posite</strong></span> <span class='ocrx_word' id='word_1_281' title='bbox 529 3524 564 3560; x_wconf 80' lang='lat' dir='ltr'><strong>est</strong></span> <span class='ocrx_word' id='word_1_282' title='bbox 575 3524 601 3561; x_wconf 94' lang='lat' dir='ltr'><strong>ut</strong></span> <span class='ocrx_word' id='word_1_283' title='bbox 612 3514 764 3561; x_wconf 76' lang='lat' dir='ltr'><strong>adhibeantur</strong></span> <span class='ocrx_word' id='word_1_284' title='bbox 772 3514 862 3573; x_wconf 80' lang='lat' dir='ltr'><strong>experi-</strong></span> <span class='ocrx_word' id='word_1_285' title='bbox 893 3514 997 3561; x_wconf 69' lang='lat' dir='ltr'><strong>tionilm</strong></span> <span class='ocrx_word' id='word_1_286' title='bbox 1013 3514 1144 3561; x_wconf 62' lang='lat' dir='ltr'><strong>neesson,</strong></span> <span class='ocrx_word' id='word_1_287' title='bbox 1160 3514 1281 3561; x_wconf 77' lang='lat' dir='ltr'><strong>limitanda</strong></span> <span class='ocrx_word' id='word_1_288' title='bbox 1290 3514 1335 3562; x_wconf 86' lang='lat' dir='ltr'><strong>erit</strong></span> <span class='ocrx_word' id='word_1_289' title='bbox 1343 3514 1413 3577; x_wconf 75' lang='lat' dir='ltr'><strong>atque</strong></span> <span class='ocrx_word' id='word_1_290' title='bbox 1423 3516 1517 3563; x_wconf 78' lang='lat' dir='ltr'><strong>restrin-</strong></span> 
     </span>
     <span class='ocr_line' id='line_1_31' title="bbox 235 3574 1517 3640; baseline 0.004 -18"><span class='ocrx_word' id='word_1_291' title='bbox 235 3587 316 3624; x_wconf 81' lang='lat' dir='ltr'><strong>ments</strong></span> <span class='ocrx_word' id='word_1_292' title='bbox 331 3574 714 3639; x_wconf 71' lang='lat' dir='ltr'><strong>ntqudobservetlonesexquibus</strong></span> <span class='ocrx_word' id='word_1_293' title='bbox 725 3576 810 3625; x_wconf 58' lang='lat' dir='ltr'><strong>deind&amp;</strong></span> <span class='ocrx_word' id='word_1_294' title='bbox 820 3592 863 3637; x_wconf 85' lang='lat' dir='ltr'><strong>per</strong></span> <span class='ocrx_word' id='word_1_295' title='bbox 892 3577 970 3640; x_wconf 77' lang='lat' dir='ltr'><strong>gendo</strong></span> <span class='ocrx_word' id='word_1_296' title='bbox 987 3577 1112 3625; x_wconf 75' lang='lat' dir='ltr'><strong>conclusio.</strong></span> <span class='ocrx_word' id='word_1_297' title='bbox 1157 3576 1239 3639; x_wconf 83' lang='lat' dir='ltr'><strong>Hujus</strong></span> <span class='ocrx_word' id='word_1_298' title='bbox 1257 3576 1377 3637; x_wconf 78' lang='lat' dir='ltr'><strong>enolyseoe</strong></span> <span class='ocrx_word' id='word_1_299' title='bbox 1395 3579 1483 3625; x_wconf 77' lang='lat' dir='ltr'><strong>auxilio</strong></span> <span class='ocrx_word' id='word_1_300' title='bbox 1500 3596 1517 3627; x_wconf 78' lang='grc' dir='ltr'>ι</span> 
     </span>
     <span class='ocr_line' id='line_1_32' title="bbox 236 3640 1517 3703; baseline 0.002 -17"><span class='ocrx_word' id='word_1_301' title='bbox 236 3640 396 3688; x_wconf 82' lang='lat' dir='ltr'><strong>inductionem</strong></span> <span class='ocrx_word' id='word_1_302' title='bbox 407 3640 567 3687; x_wconf 82' lang='lat' dir='ltr'><strong>conclusiones</strong></span> <span class='ocrx_word' id='word_1_303' title='bbox 577 3642 696 3703; x_wconf 82' lang='lat' dir='ltr'><strong>generales</strong></span> <span class='ocrx_word' id='word_1_304' title='bbox 708 3640 861 3697; x_wconf 80' lang='lat' dir='ltr'><strong>deducantur,</strong></span> <span class='ocrx_word' id='word_1_305' title='bbox 893 3640 1024 3701; x_wconf 73' lang='lat' dir='ltr'><strong>compositis</strong></span> <span class='ocrx_word' id='word_1_306' title='bbox 1039 3640 1070 3688; x_wconf 77' lang='lat' dir='ltr'><strong>ud</strong></span> <span class='ocrx_word' id='word_1_307' title='bbox 1085 3640 1207 3701; x_wconf 71' lang='lat' dir='ltr'><strong>simplicia,</strong></span> <span class='ocrx_word' id='word_1_308' title='bbox 1217 3656 1232 3687; x_wconf 80' lang='lat' dir='ltr'><strong>a</strong></span> <span class='ocrx_word' id='word_1_309' title='bbox 1241 3642 1342 3688; x_wconf 83' lang='lat' dir='ltr'><strong>motibus</strong></span> <span class='ocrx_word' id='word_1_310' title='bbox 1352 3642 1382 3688; x_wconf 86' lang='lat' dir='ltr'><strong>ad</strong></span> <span class='ocrx_word' id='word_1_311' title='bbox 1393 3642 1452 3689; x_wconf 84' lang='lat' dir='ltr'><strong>vires</strong></span> <span class='ocrx_word' id='word_1_312' title='bbox 1461 3658 1517 3703; x_wconf 86' lang='lat' dir='ltr'><strong>pro-</strong></span> 
     </span>
     <span class='ocr_line' id='line_1_33' title="bbox 237 3703 1518 3767; baseline 0.003 -18"><span class='ocrx_word' id='word_1_313' title='bbox 237 3716 285 3749; x_wconf 88' lang='lat' dir='ltr'><strong>non</strong></span> <span class='ocrx_word' id='word_1_314' title='bbox 295 3704 440 3751; x_wconf 81' lang='lat' dir='ltr'><strong>obstantibus</strong></span> <span class='ocrx_word' id='word_1_315' title='bbox 449 3704 569 3751; x_wconf 80' lang='lat' dir='ltr'><strong>contrariis</strong></span> <span class='ocrx_word' id='word_1_316' title='bbox 579 3704 751 3765; x_wconf 80' lang='lat' dir='ltr'><strong>hypothesibus,</strong></span> <span class='ocrx_word' id='word_1_317' title='bbox 768 3703 813 3751; x_wconf 87' lang='lat' dir='ltr'><strong>nisi</strong></span> <span class='ocrx_word' id='word_1_318' title='bbox 824 3719 863 3750; x_wconf 81' lang='lat' dir='ltr'><strong>ess</strong></span> <span class='ocrx_word' id='word_1_319' title='bbox 893 3704 1011 3759; x_wconf 70' lang='lat' dir='ltr'><strong>duoentoe,</strong></span> <span class='ocrx_word' id='word_1_320' title='bbox 1032 3714 1056 3752; x_wconf 90' lang='lat' dir='ltr'><strong>et</strong></span> <span class='ocrx_word' id='word_1_321' title='bbox 1069 3704 1198 3767; x_wconf 77' lang='lat' dir='ltr'><strong>generatim</strong></span> <span class='ocrx_word' id='word_1_322' title='bbox 1212 3706 1243 3752; x_wconf 83' lang='lat' dir='ltr'><strong>ab</strong></span> <span class='ocrx_word' id='word_1_323' title='bbox 1257 3704 1378 3751; x_wconf 78' lang='lat' dir='ltr'><strong>effectibus</strong></span> <span class='ocrx_word' id='word_1_324' title='bbox 1392 3705 1423 3751; x_wconf 79' lang='lat' dir='ltr'><strong>sd</strong></span> <span class='ocrx_word' id='word_1_325' title='bbox 1434 3721 1518 3753; x_wconf 83' lang='lat' dir='ltr'><strong>eorum</strong></span> 
     </span>
     <span class='ocr_line' id='line_1_34' title="bbox 237 3766 1517 3831; baseline 0.002 -18"><span class='ocrx_word' id='word_1_326' title='bbox 237 3767 480 3827; x_wconf 77' lang='lat' dir='ltr'><strong>eliquuerporimento</strong></span> <span class='ocrx_word' id='word_1_327' title='bbox 490 3766 790 3831; x_wconf 77' lang='lat' dir='ltr'><strong>euteertieliquisreritste</strong></span> <span class='ocrx_word' id='word_1_328' title='bbox 797 3768 863 3815; x_wconf 80' lang='lat' dir='ltr'><strong>nixus</strong></span> <span class='ocrx_word' id='word_1_329' title='bbox 894 3782 975 3816; x_wconf 71' lang='lat' dir='ltr'><strong>mures</strong></span> <span class='ocrx_word' id='word_1_330' title='bbox 992 3768 1107 3828; x_wconf 85' lang='lat' dir='ltr'><strong>perveniri</strong></span> <span class='ocrx_word' id='word_1_331' title='bbox 1123 3776 1206 3829; x_wconf 79' lang='lat' dir='ltr'><strong>potest.</strong></span> <span class='ocrx_word' id='word_1_332' title='bbox 1250 3766 1323 3823; x_wconf 79' lang='lat' dir='ltr'><strong>Quod</strong></span> <span class='ocrx_word' id='word_1_333' title='bbox 1341 3768 1372 3816; x_wconf 83' lang='lat' dir='ltr'><strong>ed</strong></span> <span class='ocrx_word' id='word_1_334' title='bbox 1389 3769 1517 3830; x_wconf 73' lang='lat' dir='ltr'><strong>synthesim</strong></span> 
     </span>
     <span class='ocr_line' id='line_1_35' title="bbox 237 3830 1518 3894; baseline 0.001 -15"><span class='ocrx_word' id='word_1_335' title='bbox 237 3844 286 3879; x_wconf 76' lang='lat' dir='ltr'><strong>esse</strong></span> <span class='ocrx_word' id='word_1_336' title='bbox 302 3832 363 3879; x_wconf 85' lang='lat' dir='ltr'><strong>conti</strong></span> <span class='ocrx_word' id='word_1_337' title='bbox 396 3832 431 3879; x_wconf 79' lang='lat' dir='ltr'><strong>rit.</strong></span> <span class='ocrx_word' id='word_1_338' title='bbox 470 3831 533 3878; x_wconf 83' lang='lat' dir='ltr'><strong>Nem</strong></span> <span class='ocrx_word' id='word_1_339' title='bbox 543 3830 607 3893; x_wconf 77' lang='lat' dir='ltr'><strong>&lt;prod</strong></span> <span class='ocrx_word' id='word_1_340' title='bbox 618 3832 756 3891; x_wconf 76' lang='lat' dir='ltr'><strong>hypotheses</strong></span> <span class='ocrx_word' id='word_1_341' title='bbox 765 3840 862 3893; x_wconf 80' lang='lat' dir='ltr'><strong>specus,</strong></span> <span class='ocrx_word' id='word_1_342' title='bbox 893 3832 999 3893; x_wconf 60' lang='lat' dir='ltr'><strong>petinet,</strong></span> <span class='ocrx_word' id='word_1_343' title='bbox 1021 3832 1072 3881; x_wconf 69' lang='lat' dir='ltr'><strong>hec</strong></span> <span class='ocrx_word' id='word_1_344' title='bbox 1092 3846 1174 3878; x_wconf 75' lang='lat' dir='ltr'><strong>cousus</strong></span> <span class='ocrx_word' id='word_1_345' title='bbox 1194 3833 1299 3893; x_wconf 77' lang='lat' dir='ltr'><strong>cognitas</strong></span> <span class='ocrx_word' id='word_1_346' title='bbox 1319 3830 1388 3894; x_wconf 75' lang='lat' dir='ltr'><strong>atque</strong></span> <span class='ocrx_word' id='word_1_347' title='bbox 1410 3835 1518 3892; x_wconf 73' lang='lat' dir='ltr'><strong>probares</strong></span> 
     </span>
     <span class='ocr_line' id='line_1_36' title="bbox 237 3892 1517 3959; baseline 0.003 -20"><span class='ocrx_word' id='word_1_348' title='bbox 237 3908 271 3939; x_wconf 82' lang='lat' dir='ltr'><strong>ete</strong></span> <span class='ocrx_word' id='word_1_349' title='bbox 287 3892 312 3938; x_wconf 87' lang='lat' dir='ltr'><strong>in</strong></span> <span class='ocrx_word' id='word_1_350' title='bbox 329 3894 368 3953; x_wconf 86' lang='lat' dir='ltr'><strong>phi</strong></span> <span class='ocrx_word' id='word_1_351' title='bbox 378 3893 476 3955; x_wconf 80' lang='lat' dir='ltr'><strong>osophlsi</strong></span> <span class='ocrx_word' id='word_1_352' title='bbox 496 3894 671 3954; x_wconf 76' lang='lat' dir='ltr'><strong>experimentali</strong></span> <span class='ocrx_word' id='word_1_353' title='bbox 685 3894 763 3941; x_wconf 84' lang='lat' dir='ltr'><strong>lorum</strong></span> <span class='ocrx_word' id='word_1_354' title='bbox 777 3896 863 3941; x_wconf 76' lang='lat' dir='ltr'><strong>haben</strong></span> <span class='ocrx_word' id='word_1_355' title='bbox 895 3904 1007 3957; x_wconf 77' lang='lat' dir='ltr'><strong>tanquam</strong></span> <span class='ocrx_word' id='word_1_356' title='bbox 1024 3895 1136 3955; x_wconf 80' lang='lat' dir='ltr'><strong>principia</strong></span> <span class='ocrx_word' id='word_1_357' title='bbox 1150 3894 1356 3957; x_wconf 78' lang='lat' dir='ltr'><strong>assumitquorum</strong></span> <span class='ocrx_word' id='word_1_358' title='bbox 1367 3910 1411 3957; x_wconf 88' lang='lat' dir='ltr'><strong>ope</strong></span> <span class='ocrx_word' id='word_1_359' title='bbox 1420 3897 1517 3959; x_wconf 56' lang='lat' dir='ltr'><strong>mano-</strong></span> 
     </span>
     <span class='ocr_line' id='line_1_37' title="bbox 238 3954 1259 4021; baseline 0.003 -19"><span class='ocrx_word' id='word_1_360' title='bbox 238 3970 285 4002; x_wconf 88' lang='lat' dir='ltr'><strong>non</strong></span> <span class='ocrx_word' id='word_1_361' title='bbox 308 3954 400 4005; x_wconf 80' lang='lat' dir='ltr'><strong>debent.</strong></span> <span class='ocrx_word' id='word_1_362' title='bbox 449 3959 564 4013; x_wconf 82' lang='lat' dir='ltr'><strong>Quemvis</strong></span> <span class='ocrx_word' id='word_1_363' title='bbox 585 3958 705 4004; x_wconf 80' lang='lat' dir='ltr'><strong>ratiocinia</strong></span> <span class='ocrx_word' id='word_1_364' title='bbox 723 3960 753 4005; x_wconf 76' lang='lat' dir='ltr'><strong>ab</strong></span> <span class='ocrx_word' id='word_1_365' title='bbox 771 3958 861 4017; x_wconf 78' lang='lat' dir='ltr'><strong>esperi-</strong></span> <span class='ocrx_word' id='word_1_366' title='bbox 896 3974 966 4007; x_wconf 84' lang='lat' dir='ltr'><strong>moue</strong></span> <span class='ocrx_word' id='word_1_367' title='bbox 975 3958 1030 4007; x_wconf 76' lang='lat' dir='ltr'><strong>indi</strong></span> <span class='ocrx_word' id='word_1_368' title='bbox 1041 3968 1098 4006; x_wconf 81' lang='lat' dir='ltr'><strong>uota</strong></span> <span class='ocrx_word' id='word_1_369' title='bbox 1108 3958 1259 4021; x_wconf 74' lang='lat' dir='ltr'><strong>explioentur,</strong></span> 
     </span>
     <span class='ocr_line' id='line_1_38' title="bbox 238 4018 1251 4081; baseline 0.003 -16"><span class='ocrx_word' id='word_1_370' title='bbox 238 4018 323 4067; x_wconf 86' lang='lat' dir='ltr'><strong>mentis</strong></span> <span class='ocrx_word' id='word_1_371' title='bbox 339 4030 364 4067; x_wconf 84' lang='lat' dir='ltr'><strong>at</strong></span> <span class='ocrx_word' id='word_1_372' title='bbox 379 4021 577 4072; x_wconf 66' lang='lat' dir='ltr'><strong>omissionibus</strong></span> <span class='ocrx_word' id='word_1_373' title='bbox 590 4032 635 4081; x_wconf 84' lang='lat' dir='ltr'><strong>per</strong></span> <span class='ocrx_word' id='word_1_374' title='bbox 647 4020 807 4071; x_wconf 82' lang='lat' dir='ltr'><strong>inductionem</strong></span> <span class='ocrx_word' id='word_1_375' title='bbox 821 4020 862 4069; x_wconf 88' lang='lat' dir='ltr'><strong>do-</strong></span> <span class='ocrx_word' id='word_1_376' title='bbox 1245 4018 1251 4024; x_wconf 70' lang='grc'><em>“</em></span> 
     </span>
    </p>
   </div>
   <div class='ocr_carea' id='block_1_9' title="bbox 0 0 1704 5459">
    <p class='ocr_par' dir='ltr' id='par_1_11' title="bbox 0 0 1704 5459">
     <span class='ocr_line' id='line_1_39' title="bbox 0 0 1704 5459; baseline 0 0"><span class='ocrx_word' id='word_1_377' title='bbox 0 0 1704 5459; x_wconf 95' lang='lat' dir='ltr'><strong> </strong></span> 
     </span>
    </p>
   </div>
  </div>
 </body>
</html>
