3384 5459
287 394 350 449 318
540 386 807 465 INQUISITIO
831 389 1037 457 PHYSICA
1060 390 1111 457 IN
1134 392 1330 459 CA'USAM

283 558 324 621 ab
345 558 382 621 iis
396 558 451 642 qui
466 558 553 645 sequi
567 559 738 639 deberent;
760 585 801 627 ex
815 584 881 649 quo
896 544 1095 629 manifestum
1110 577 1236 631 estnon
1251 566 1321 631 illos
1335 578 1441 645 vastus,
1465 567 1519 654 qui
1541 568 1575 631 in

283 666 358 751 ipsis
380 668 512 754 syzygiis
534 668 736 734 luminarium
758 672 953 759 contingunt,
978 694 1046 737 esse
1067 675 1230 754 maximos,
1254 675 1310 740 sed
1326 686 1494 760 sequentes
1509 699 1576 739 esse

181 871 184 875 .
282 777 424 861 majores.
472 778 609 866 Hocque
622 780 707 845 idem
722 781 961 869 intelligendum
975 795 1023 847 est
1034 782 1074 849 de
1089 785 1216 849 aestibus
1230 783 1375 862 minimis,
1393 787 1527 870 quinon
1541 786 1574 848 in

282 885 365 969 ipsas
386 874 591 972 quadraturas
612 890 765 969 incidunt,
790 892 846 959 sed
859 890 979 955 tardius
995 906 1184 978 sequuntur:
1208 891 1291 957 unde
1306 893 1386 957 ratio
1400 893 1575 959 luculenter

281 997 479 1080 perspicitur,
503 1020 559 1063 cur
573 1010 667 1064 oestus
682 1000 748 1065 tvim
762 1001 891 1065 maximi
912 1002 1006 1088 quim
1021 1004 1141 1067 minimi
1156 1026 1220 1067 non
1242 1004 1317 1088 ipsis
1332 1004 1531 1091 syzygiamm
1544 1018 1576 1071 et

281 1106 542 1191 quadraturamm
564 1110 799 1193 tempestatibus
820 1110 1041 1194 respondeant,
1065 1113 1119 1177 sed
1139 1110 1239 1177 seritis
1253 1112 1466 1191 observentur,
1491 1114 1575 1177 tertii

264 1214 401 1287 ,scilicet
415 1212 543 1281 demum
557 1216 607 1280 vel
621 1217 722 1302 quarti
737 1230 810 1302 post
823 1218 892 1283 haec
907 1231 1057 1305 temporo.

675 1699 850 1781 CAPUT
877 1704 1164 1781 SEPTIMUM.

331 1902 527 1997 Eaplicotio
538 1904 796 1998 proecqouorum
813 1905 1121 1976 Ploerzomerrorum
1136 1904 1229 1975 circa
1247 1904 1387 1976 AEstum
1405 1904 1532 1977 Moris

787 2027 1054 2098 obsonatorum.

277 2220 302 2297 §.
319 2225 370 2281 98.
401 2189 454 2283 Iu
480 2217 730 2302 praecedentibus
757 2216 921 2302 Capitibus
945 2216 1044 2283 fusilis
1069 2218 1271 2303 exposuimus
1296 2210 1436 2299 effectus,
1462 2218 1573 2304 quiin

278 2323 357 2385 mari
382 2348 402 2387 a
426 2324 544 2387 viribus
570 2324 631 2387 illis
656 2324 788 2401 duabus,
813 2346 946 2411 quarum
970 2324 1068 2389 altera
1090 2322 1198 2389 versds
1222 2324 1347 2389 Lunam
1371 2338 1419 2389 est
1442 2324 1570 2400 directa,
1672 2326 1673 2329 ’

277 2433 376 2497 altera
398 2432 503 2498 versris
527 2433 644 2511 Solem,
666 2433 799 2518 produci
821 2433 956 2510 debent3
979 2456 1094 2519 eosque
1109 2430 1182 2497 crim
1199 2455 1256 2519 per
1270 2432 1425 2498 calculum
1440 2432 1573 2518 analyti-

278 2562 360 2617 cum,
377 2538 443 2605 tdm
458 2562 515 2626 per
531 2539 631 2603 solida
645 2540 807 2604 ratiocinia
820 2541 865 2604 ita
879 2540 1162 2617 determinavimus,
1178 2552 1214 2604 ut
1228 2539 1269 2603 dc
1283 2560 1392 2604 eorum
1407 2538 1572 2604 existentiis

277 2646 414 2711 dubitari
435 2648 565 2711 omnino
586 2668 651 2711 non
672 2646 774 2724 liceat,
798 2647 824 2710 si
846 2646 973 2733 quidem
994 2644 1057 2709 illae
1079 2648 1158 2712 vires
1178 2646 1392 2711 admittantur.
1438 2646 1572 2711 atvero

276 2755 351 2818 istos
366 2756 447 2819 vires
463 2756 494 2817 in
510 2755 631 2819 mundo
641 2756 776 2819 existere
787 2777 850 2818 non
863 2755 964 2819 solum
977 2777 1035 2840 per
1047 2754 1107 2818 alia
1120 2755 1329 2840 phaenomena
1340 2754 1571 2820 evidentissime
1671 2826 1672 2845 χ

270 2864 487 2949 probavimus,
511 2865 683 2930 sedetiam
705 2888 812 2929 earum
834 2888 960 2931 sarisam
981 2866 1140 2952 physicam
1162 2866 1397 2953 assignavimus,
1421 2888 1518 2953 quam
1536 2868 1570 2930 in
1670 2900 1671 2903 ¹

276 2973 358 3037 binis
372 2959 553 3055 vorticibus,
576 3000 711 3064 quorum
725 2976 803 3041 alter
818 2977 901 3041 circa
918 2976 1033 3054 Solem,
1049 2976 1128 3041 alter
1143 2976 1225 3041 circa
1241 2976 1366 3041 Lunam
1388 2976 1428 3040 sit
1455 2977 1568 3040 consti-

276 3096 371 3162 tutus,
394 3089 566 3170 posuimus,
590 3090 707 3174 quippe
728 3109 800 3176 quae
822 3103 870 3154 est
891 3088 983 3153 unica
1004 3088 1084 3153 ratio
1099 3086 1171 3153 crim
1192 3088 1377 3175 gravitatem
1392 3084 1462 3151 tdm
1477 3087 1567 3151 etiam
1668 3076 1669 3081 ἵ

217 3201 220 3208 “
278 3189 369 3269 vires,
394 3192 508 3278 quibus
529 3194 665 3278 planetae
681 3196 713 3257 in
729 3196 790 3257 suis
806 3196 914 3259 orbitis
930 3196 1012 3259 circa
1028 3195 1134 3259 Solem
1149 3196 1357 3271 continentur,
1382 3194 1570 3279 explicandi.

277 3298 364 3373 Quin
379 3299 473 3362 etism
487 3296 556 3363 hoec
570 3300 638 3384 ipsa
652 3300 860 3384 phaenomena
881 3300 1035 3365 internam
1049 3300 1205 3367 vorticum
1219 3312 1409 3366 structuram
1418 3294 1459 3365 'et
1479 3302 1570 3366 indo·

275 3406 338 3488 lem
354 3422 639 3473 commonstrarent
647 3432 656 3485 ;
680 3408 721 3472 ob
736 3432 834 3495 eaque
849 3409 982 3472 vortices
997 3408 1041 3472 ita
1056 3418 1251 3493 comparatos
1263 3431 1331 3473 esse
1347 3410 1523 3485 statuimus,
1535 3422 1568 3471 ut

275 3517 358 3581 vires
380 3518 564 3607 centrilugae
587 3520 769 3582 decrescant
793 3520 825 3581 in
850 3517 1007 3603 duplicati
1032 3518 1153 3583 ratione
1175 3516 1392 3581 distantiarum
1415 3540 1435 3581 a
1456 3518 1569 3580 centris

276 3626 469 3691 eorumdem.
516 3629 624 3704 Quare
649 3627 721 3693 crim
747 3630 780 3693 in
804 3630 855 3693 his
875 3630 992 3694 viribus
1012 3628 1092 3695 nihil
1116 3628 1254 3716 gratuiti)
1274 3628 1521 3703 assumserimua
1544 3628 1569 3689 si

275 3734 403 3799 effectus
418 3758 459 3800 ex
474 3735 511 3799 iis
526 3736 650 3800 oriundi
662 3759 734 3800 cum
749 3736 966 3822 phaenomenis
979 3736 1072 3803 sestias
1083 3738 1178 3800 maris
1191 3736 1386 3812 conveniant,
1399 3732 1570 3799 certissimi

275 3841 569 3926 nobispersuadere
582 3843 763 3927 poterimus,
787 3844 820 3906 in
839 3844 1003 3931 assignatis
1019 3844 1137 3908 viribus
1152 3864 1257 3907 veram
1273 3840 1369 3906 aestlrs
1383 3841 1480 3905 maris
1494 3862 1569 3904 cau-

276 3972 342 4013 sam
364 3948 535 4026 contineri;
557 3950 772 4037 absonumque
793 3950 923 4015 omnini)
945 3948 1021 4029 sore,
1045 3952 1071 4015 si
1093 3972 1218 4015 causam
1233 3948 1328 4013 oestirs
1342 3948 1437 4011 maris
1453 3947 1486 4009 in
1502 3948 1569 4011 aliis

236 4074 243 4085 ⁴
274 4057 391 4122 viribus
405 4058 596 4145 imaginariis
611 4058 776 4145 anquirere
798 4058 957 4122 vellemus.
1002 4057 1218 4134 Quamobrem
1236 4056 1269 4118 in
1284 4054 1346 4119 hoc
1362 4054 1477 4139 Capite
1491 4077 1567 4119 con-

275 4166 430 4230 stituimus
445 4190 553 4233 omnes
569 4167 706 4246 effectus,
723 4168 776 4254 qui
792 4167 825 4229 in
840 4166 1052 4252 superioribus
1062 4164 1227 4251 Capitibus
1242 4163 1374 4249 sparsim
1388 4176 1463 4227 sunt
1477 4164 1568 4240 eruti,

276 4275 464 4358 conjunctim
481 4288 512 4340 et
527 4276 637 4342 ordine
656 4298 845 4362 proponere,
869 4296 1085 4362 srunmumque
1101 4296 1210 4339 corum
1225 4296 1414 4338 consensum
1428 4296 1501 4337 cunr
1516 4295 1568 4337 ex·

275 4381 427 4466 perientirl
442 4384 610 4451 declarare.
656 4385 814 4461 Quoniam
831 4396 935 4449 autern
950 4384 1092 4449 nondum
1107 4384 1403 4471 impedimentorum
1418 4408 1437 4447 a
1457 4382 1568 4447 littori-

252 4551 256 4564 ,
274 4490 336 4553 bus
348 4490 519 4578 Terrisque
534 4493 740 4557 oriundorum
754 4494 906 4557 rationem
922 4492 1098 4572 habuimus,
1109 4492 1199 4557 facile
1214 4493 1409 4580 intelligitur,
1424 4492 1499 4556 hinc
1514 4514 1568 4555 ex·

277 4599 362 4662 cludi
378 4600 482 4664 adhuc
497 4602 612 4664 debere
627 4604 779 4687 ejusmodi
802 4602 973 4667 anomalias
987 4601 1081 4666 aestirs
1097 4604 1201 4680 maris,
1218 4626 1289 4689 quae
1304 4600 1533 4668 evidentissime
1548 4626 1567 4663 a

276 4708 387 4771 'l'erris
402 4710 654 4796 contingentibus
669 4727 772 4776 ortum
787 4712 933 4791 habeant,
950 4712 1123 4797 cujusmodi
1139 4726 1212 4779 sunt
1226 4729 1321 4779 aestus
1336 4716 1387 4779 vel
1402 4714 1567 4777 vehemen-
