3384 5459
428 430 619 497 FLUXUS
642 432 704 496 Ac
727 430 981 497 REFLUXUS
1005 432 1167 500 MARIS.
1378 446 1435 503 821
1557 462 1560 469 ·

154 600 260 666 Lnnae
279 620 337 683 per
357 598 566 664 meridianum
580 601 761 687 contingere
775 600 911 678 debebit,
934 600 967 665 id
987 586 1159 687 quodcum
1174 603 1441 685 obseruationibus

151 710 191 787 ‚in
211 728 330 772 oceano
349 706 451 770 libero
470 708 621 771 institutis
633 707 759 794 egregie
773 708 934 785 convenit3
956 708 1098 795 hancque
1112 710 1230 777 idcireo
1250 714 1440 799 praecipuam

152 816 247 901 bajus
261 813 477 879 retardationis
491 836 617 879 causam
630 812 743 878 merito
755 814 958 901 assignamus.

197 930 223 1005 t.
242 929 312 987 102.
336 919 480 985 Tertium
494 920 726 1006 pbaenomenon
740 922 919 1007 suppeditat
932 921 1026 987 aestiu
1040 924 1234 1011 magnitudo,
1250 948 1322 1012 quar
1336 938 1441 992 autem

152 1044 218 1099 tam
247 1031 377 1096 diversis
402 1031 480 1096 loeis
507 1040 600 1118 qua'm
629 1033 759 1097 diuersis
782 1034 1016 1118 tempestatibus
1041 1034 1177 1113 maxime
1203 1050 1251 1101 est
1273 1040 1440 1105 mutabilis.

152 1142 287 1209 Interim
300 1153 406 1205 tamen
420 1143 559 1224 exeeptis
573 1140 751 1205 enormibus
765 1140 826 1205 illis
841 1138 988 1219 aestubus,
1001 1144 1055 1229 qui
1068 1143 1227 1235 nonnullis
1241 1146 1275 1209 in
1288 1148 1442 1231 portubus

154 1249 315 1315 observari
336 1248 447 1327 solent,
469 1247 581 1334 reliqui
596 1269 669 1311 cum
683 1256 791 1312 nostrat
812 1246 932 1313 theoria
954 1249 1079 1337 egregie
1094 1251 1308 1328 consentinam
1330 1254 1440 1318 inertia
1495 1296 1505 1321 0

152 1364 238 1429 enim
252 1360 383 1437 sublati,
399 1359 574 1423 invenimus
589 1360 647 1423 sub
660 1372 820 1446 mquatore
834 1361 1006 1425 maximum
1020 1375 1132 1443 metum
1146 1342 1215 1445 lore
1235 1384 1293 1449 per
1307 1367 1442 1451 spatium

144 1474 277 1549 circiter
298 1483 318 1537 4
339 1471 468 1557 pedum,
491 1471 532 1537 ab
553 1471 665 1536 inertia
679 1485 784 1535 autem
803 1471 865 1535 boe
886 1472 1083 1537 intervallum
1097 1475 1206 1561 augeri
1226 1475 1269 1541 ita
1284 1488 1319 1540 ut
1332 1474 1440 1560 duplo,

152 1585 204 1649 vel
218 1584 321 1669 triplo,
334 1584 384 1647 vel
399 1582 492 1647 etiam
501 1581 678 1669 quadruplo
691 1595 723 1646 et
736 1581 808 1667 plus
818 1582 874 1647 fiat
888 1582 997 1667 majus,
1013 1596 1107 1667 prout
1119 1583 1206 1649 valor
1220 1584 1317 1669 ipsius
1330 1607 1353 1671 g
1365 1585 1440 1669 (vid.
1461 1628 1464 1634 -

154 1700 179 1777 §.
196 1695 263 1774 82.)
277 1694 381 1756 minor
398 1692 491 1757 fiterit
511 1692 562 1756 vel
581 1693 690 1776 major,
707 1692 823 1777 quippe
835 1692 890 1779 qui
912 1714 932 1755 a
945 1691 1091 1765 facultate
1103 1693 1211 1757 oceani
1233 1716 1300 1763 sese
1313 1695 1441 1779 propriis

151 1805 209 1868 sui
224 1802 256 1866 vi
276 1801 310 1865 in
324 1813 439 1865 statum
453 1798 619 1885 oequilibrii
632 1797 817 1865 restituendi
836 1798 970 1883 pendet;
992 1820 1033 1862 ex
1047 1820 1110 1885 quo
1125 1798 1184 1863 sub
1198 1812 1356 1885 aequatore
1370 1823 1446 1885 spa·¹

152 1911 232 1975 tuan
253 1930 311 1993 per
333 1908 419 1993 quod
440 1907 595 1970 maximus
615 1917 711 1971 oesms
730 1905 866 1993 agitatur
880 1904 921 1969 ad
937 1916 967 1982 8,
987 1914 1037 1984 lt,
1057 1913 1095 1969 16
1111 1918 1144 1969 et
1156 1906 1262 1991 plures
1275 1898 1441 1992 pedes'cx·

151 2042 281 2107 surgere
305 2030 418 2103 potest.
473 2018 513 2080 In
538 2015 718 2102 regionibus
740 2026 845 2079 autem
868 2014 909 2079 ab
932 2028 1091 2101 aequatore
1117 2016 1243 2079 remotis
1267 2015 1441 2083 invenimus

149 2124 400 2212 magnitudinem
422 2121 516 2187 sestius
538 2135 650 2187 tenere
669 2121 823 2185 radonem
851 2120 1040 2205 duplicatam
1070 2122 1232 2185 cosiuuum
1261 2122 1440 2189 elevationis

148 2233 227 2319 poli,
250 2232 335 2296 unde
357 2230 416 2295 sub
437 2230 608 2295 elevatione
629 2230 695 2314 poli
716 2228 793 2309 45⁰,
815 2229 1001 2317 magnitudo
1015 2229 1111 2295 aestds
1124 2230 1247 2295 circitor
1267 2232 1365 2319 duplo
1382 2236 1441 2299 erit

150 2346 257 2408 minor
271 2342 364 2429 quam
381 2341 440 2407 sub
454 2342 524 2426 ipso
538 2353 713 2427 aequatore3
735 2340 824 2424 cujus
837 2339 950 2403 veritas
971 2338 1005 2401 in
1026 2338 1103 2403 locis
1117 2362 1137 2402 a
1151 2339 1305 2405 littoribus
1323 2342 1441 2429 aliquot

149 2455 297 2519 milliaria
309 2453 438 2519 remotis
459 2474 518 2537 per
532 2452 757 2536 experientiam
771 2449 885 2514 eximie
908 2448 1138 2534 comprobatur.
1183 2450 1440 2535 Deprehenditur

148 2565 235 2629 enim
256 2564 373 2651 ubique
392 2566 428 2629 in
448 2562 526 2629 locis
547 2586 568 2627 a
587 2563 743 2627 littoribus
764 2562 891 2626 remotis
912 2574 1006 2624 aestus
1028 2558 1128 2623 multi>
1153 2561 1257 2623 minor
1280 2562 1373 2646 quam
1399 2556 1440 2627 ad

149 2672 275 2751 littora3
305 2675 394 2760 cujus
414 2673 601 2739 discriminis
622 2694 718 2737 causa
737 2672 771 2735 in
792 2670 933 2757 sequenti
957 2670 1066 2754 Capite
1087 2669 1222 2735 dilucide
1243 2670 1438 2736 indicabitur.

150 2782 335 2859 Quinetiam
348 2785 382 2849 in
395 2784 499 2850 medio
513 2785 594 2849 mari
606 2783 791 2869 plerumque
804 2794 899 2846 oestus
913 2780 1016 2846 adhuc
1028 2780 1130 2845 minor
1141 2781 1332 2858 observatur,
1346 2780 1439 2867 qudrn

148 2890 220 2957 baec
241 2892 350 2981 regida
370 2893 520 2980 requirit3
541 2893 576 2957 id
596 2906 701 2957 autem
722 2890 903 2957 ostendetur
925 2914 944 2953 a
965 2912 1031 2953 non
1054 2891 1127 2953 satis
1141 2888 1245 2973 ampli
1260 2890 1368 2953 oceani
1383 2912 1438 2953 ex·

148 3004 291 3067 tensione
314 3002 486 3071 secundum
509 3003 737 3091 longitudinem
759 3003 927 3088 proficisci,
958 3001 1223 3089 quemadmodum
1250 3000 1284 3065 in
1309 3001 1460 3096 Oceano¹

148 3112 312 3179 Atlantico
334 3114 389 3198 qui
410 3111 519 3178 versds
542 3114 737 3179 occidentem
760 3112 916 3179 littoribus
941 3113 1116 3189 Americoe3
1152 3110 1260 3179 versds
1285 3112 1438 3177 oriernem

147 3217 225 3283 verb
247 3218 403 3284 littoribus
430 3219 547 3285 Africa
571 3233 604 3285 et
630 3220 768 3305 Europae
791 3220 983 3297 terminatur,
1011 3241 1082 3307 ques
1107 3218 1279 3305 amplitudo
1304 3240 1369 3285 non
1392 3232 1440 3285 est

148 3328 224 3391 satis
245 3350 370 3415 magna,
390 3339 427 3393 ut
445 3329 601 3415 integram
621 3327 716 3393 aestus
735 3329 939 3414 quantitatem
959 3329 1116 3412 suscipere
1135 3338 1238 3412 queat.

195 3442 220 3519 q.
244 3446 315 3502 103.
347 3438 505 3514 Quartum
531 3438 762 3525 pboenomenon
787 3440 950 3501 varietates
975 3450 1149 3503 menstruas
1178 3438 1314 3523 respicit,
1345 3448 1438 3525 atque

147 3544 287 3611 ostendit
300 3558 406 3620 aestus,
422 3546 476 3630 qui
492 3545 576 3609 circa
589 3543 762 3629 plenilunia
775 3556 807 3609 et
820 3544 980 3609 novilunia
994 3546 1188 3631 contingunt,
1210 3546 1290 3609 inter
1303 3545 1438 3631 reliquos

148 3652 289 3739 ejusdem
310 3653 426 3717 mensis
448 3674 515 3717 esse
534 3653 698 3731 maximos,
720 3665 815 3719 aestus
828 3651 904 3717 verb
918 3654 1001 3718 eirca
1015 3653 1219 3739 quadraturas
1239 3653 1438 3719 luminarium

149 3760 315 3835 minimos3
345 3780 417 3845 quae
444 3759 640 3847 inoequalitas
665 3782 737 3825 cum
773 3760 893 3825 theoria
922 3762 1042 3826 nostra·
1055 3762 1096 3827 ad
1120 3763 1267 3827 amussim
1297 3762 1437 3849 quadrat.

151 3867 234 3935 Cvlm
249 3869 333 3933 enim
346 3879 439 3933 oestus
453 3869 548 3933 maris
562 3890 628 3933 uon
642 3868 744 3933 solum
758 3870 798 3933 ab
813 3868 850 3933 eb
866 3868 906 3946 vi,
929 3890 1001 3955 quae
1014 3868 1125 3933 vernei
1148 3868 1273 3934 Lunam
1287 3869 1438 3933 ambienti

149 3977 309 4061 competit,
325 3976 453 4055 oriatur,
476 3976 532 4042 sed
553 3977 647 4040 etiam
668 4000 689 4040 a
708 3977 740 4039 vi
763 3974 869 4043 Solem
890 3988 1049 4061 spectante
1069 3976 1215 4061 pendeat,
1238 3998 1309 4063 quae
1329 3978 1438 4040 ceteris

146 4088 278 4173 paribus
302 4088 426 4153 circiter
450 4087 626 4174 quadnrplo
651 4088 753 4151 minor
777 4100 825 4153 est
849 4088 881 4153 vi
906 4088 1017 4167 Lunae,
1041 4087 1239 4152 manifestum
1259 4098 1307 4150 est
1327 4098 1442 4165 astum,

146 4196 243 4260 maris
266 4196 439 4260 maximum
459 4218 527 4261 esse
551 4195 676 4273 debere,
703 4196 729 4259 si
751 4196 853 4259 ambae
873 4196 955 4260 vires
976 4197 1056 4260 inter
1078 4218 1111 4261 se
1133 4196 1322 4280 conspirent,
1345 4206 1438 4281 atque

147 4330 267 4395 aquarn⁴
278 4307 371 4372 simul
385 4308 435 4372 vel
449 4306 572 4372 elevent
584 4307 635 4371 vel
655 4306 842 4390 deprimant,
864 4306 897 4370 id
913 4305 998 4391 quod
1012 4305 1153 4371 accidere
1168 4304 1360 4372 ostendimus
1375 4318 1438 4369 tarn

146 4415 328 4502 pleniluniis
351 4412 446 4501 qndm
469 4414 649 4479 noviluniis.
692 4411 819 4478 Deinde
842 4412 936 4475 simili
960 4411 1065 4497 modo,
1091 4411 1238 4497 quoniam
1264 4410 1332 4477 istae
1355 4412 1437 4475 vires

146 4526 230 4589 inter
252 4548 285 4589 se
305 4524 443 4588 maxime
458 4524 638 4608 discrepant
658 4525 691 4587 in
707 4522 914 4609 quadraturis,
931 4524 1044 4609 quibus
1059 4523 1251 4608 temporibus
1266 4522 1341 4587 dum
1357 4542 1438 4605 aqua

146 4654 168 4695 a
190 4630 283 4696 Lunai
305 4629 442 4694 mulind
464 4630 612 4708 elevatur,
635 4630 728 4695 simul
749 4654 770 4695 a
791 4630 866 4695 Sole
887 4628 1023 4694 maxime
1037 4630 1222 4715 deprimitur
1238 4651 1275 4693 ac
1289 4626 1434 4713 vicissim,

144 4718 348 4827 'perspicuum
360 4749 408 4807 est
421 4737 531 4803 iisdem
543 4738 734 4823 temporibus
745 4750 856 4802 aestuum
868 4738 1031 4804 minimum
1045 4760 1112 4805 esse
1122 4740 1247 4803 debere.
1280 4736 1448 4801 Praeterea

768 4848 789 4895 Z
802 4854 818 4896 3
