3384 5459
245 444 307 504 aaa
474 412 743 511 momsrrro'
764 431 969 497 rursma
992 430 1043 494 m
1066 428 1261 495 causam

244 622 317 685 tam,
333 626 467 693 quorum
481 608 559 671 alter
573 606 655 671 eirca
671 605 787 684 Solem,
803 605 882 669 alter
896 605 979 669 circa
992 603 1118 669 Lunam
1133 602 1275 689 agitetur,
1293 612 1386 686 atquo
1399 610 1528 687 uterque

245 720 311 802 ejus
326 716 366 779 sit
380 715 504 793 indolis,
519 727 555 780 ut
569 716 651 780 vires
665 712 847 801 centrifugae
860 713 1042 778 decrescant
1060 714 1094 776 in
1108 710 1263 796 duplicati
1279 712 1398 775 ratione
1413 710 1528 773 distam-

244 828 358 895 tiarum
371 850 391 890 a
405 827 519 890 centris
533 827 696 912 utriusque
709 824 854 889 vorticis:
878 846 948 910 quae
961 823 1135 910 proprietas
1150 822 1316 899 obtinetur,
1340 820 1366 882 si
1389 818 1528 883 celeritas

245 937 387 1000 materia
409 936 530 1000 subtilis
551 936 690 1024 gyrantis
711 936 746 999 in
767 957 891 1021 quoque
912 934 1030 998 vortice
1049 944 1153 996 teneat
1172 931 1324 994 rationem
1338 929 1529 1013 reciprocam

245 1044 489 1129 subduplicatam
506 1045 731 1109 distantiarum.
776 1044 889 1130 Neque
903 1041 978 1107 verb
992 1042 1026 1106 hi
1040 1042 1104 1107 duo
1117 1042 1250 1105 vortices
1266 1040 1306 1103 ad
1320 1040 1442 1103 libitum
1457 1048 1528 1101 sunt

246 1151 424 1237 excogitati,
441 1150 497 1214 sed
509 1150 563 1214 ille
577 1151 632 1237 qui
649 1150 755 1215 Solem
770 1148 944 1214 circumdat
958 1160 1006 1213 est
1018 1148 1045 1212 is
1060 1149 1136 1233 ipse,
1152 1148 1206 1234 qui
1221 1168 1329 1209 omnes
1342 1144 1482 1230 planetas
1497 1143 1527 1205 in

247 1260 310 1324 suis
332 1258 441 1323 orbitis
462 1257 618 1333 continet3
640 1257 720 1321 alter
740 1255 816 1321 verb
838 1257 963 1322 Lunam
979 1254 1184 1331 circumdans,
1202 1254 1262 1317 etsi
1275 1254 1340 1339 ejus
1354 1251 1401 1315 vis
1415 1250 1476 1313 nisi
1497 1251 1529 1312 in

244 1378 323 1429 aestu
336 1364 431 1428 maris
445 1385 511 1427 uon
525 1364 666 1442 sentitur,
687 1376 792 1428 tamen
807 1364 874 1427 sine
888 1363 951 1428 ullrl
973 1362 1168 1427 haesitatione
1183 1360 1304 1425 admitti
1323 1372 1435 1444 potest,
1459 1357 1529 1423 crim

246 1472 332 1538 certi)
357 1486 477 1538 constet
506 1474 649 1551 Terram,
679 1475 791 1539 Jovem
819 1495 856 1537 ac
888 1474 1058 1538 Saturnum
1083 1470 1234 1535 similibus
1265 1469 1434 1533 vorticibus
1465 1490 1530 1531 esse

247 1580 376 1657 cinctos,
397 1580 483 1644 unde
503 1580 656 1666 ejusmodi
669 1581 802 1645 vortices
822 1579 902 1643 nulli
922 1579 1051 1643 omnino
1065 1578 1189 1663 corpori
1208 1574 1368 1640 mundano
1382 1574 1530 1661 denegari

246 1710 337 1771 posse
350 1685 505 1752 videntur.
550 1687 680 1762 Parcius
695 1687 820 1774 quidem
838 1685 892 1750 hic
906 1686 1066 1751 materiam
1081 1685 1120 1749 de
1134 1684 1305 1749 vorticibus
1320 1683 1529 1757 tractavimus,

245 1794 365 1858 etiamsi
379 1795 413 1855 in
426 1792 488 1856 illis
501 1814 606 1857 veram
620 1792 715 1858 aestris
728 1794 824 1857 maris
838 1816 963 1857 causam
977 1814 1148 1883 ponamus5
1174 1790 1235 1855 hoc
1249 1804 1354 1855 autem
1368 1789 1409 1853 de
1424 1790 1530 1853 indus-

247 1900 308 1965 trit
322 1900 459 1978 lecimus,
475 1897 549 1965 crim
562 1901 623 1964 hoc
637 1913 855 1989 argumentum
864 1903 930 1987 jam
944 1902 1034 1965 toties
1046 1903 1086 1965 sit
1096 1913 1262 1965 tractatum
1273 1922 1311 1963 ac
1319 1898 1385 1963 fere
1397 1898 1531 1962 exhaus-

248 2022 334 2086 tum;
356 2032 457 2095 neque
476 2009 568 2073 nobis
588 2012 778 2097 persuadere
797 2033 974 2099 possumus,
998 2012 1025 2075 si
1047 2009 1106 2075 hirc
1128 2010 1289 2073 occasione
1306 2007 1480 2072 doctrinam
1494 2007 1534 2071 de

249 2119 417 2184 vorticibus
432 2120 527 2183 etiam
540 2119 661 2199 melitis,
678 2143 771 2207 quam
785 2121 954 2185 etiamnum
968 2144 988 2183 a
998 2142 1153 2208 quoquam
1169 2118 1354 2197 estfactum,
1371 2117 1534 2203 expedire-

252 2248 332 2304 mus,
348 2227 390 2290 ob
404 2248 475 2291 eam
488 2250 556 2293 rem
569 2228 734 2313 praemium
747 2228 838 2292 nobis
853 2227 1003 2291 tributum
1017 2226 1066 2290 iri.

808 2524 975 2545 mmm

656 2752 831 2829 CAPUT
857 2752 1132 2831 OCTAVUM.

280 2961 342 3033 De
359 2960 487 3037 AEstris
503 2962 627 3035 Maris
636 2966 903 3058 perturbatione
919 2990 941 3038 a
960 2966 1084 3041 Terris
1100 2988 1141 3039 oe
1157 2964 1329 3039 littoribus
1346 2962 1505 3039 ortuum.

251 3212 276 3290 ᾗ.
294 3216 365 3273 112.
389 3174 631 3277 Pervenimus
652 3214 779 3279 tandem
801 3217 841 3279 ad
863 3218 1004 3281 ultimam
1026 3196 1142 3282 nostrae
1162 3216 1384 3304 disquisitionis
1404 3228 1533 3301 partem,

251 3333 323 3398 quoe
336 3316 496 3400 praecipua
510 3330 566 3397 est,
589 3319 622 3382 in
637 3319 697 3405 qui
713 3320 867 3386 theoriam
883 3324 1056 3409 expositam
1071 3323 1112 3389 ad
1127 3336 1239 3389 statum
1256 3294 1404 3400 Telluris,
1428 3324 1460 3386 in
1475 3346 1536 3408 quo

251 3420 358 3484 reveni
380 3425 546 3507 reperitur,
569 3426 676 3491 debito
697 3428 793 3493 modo
814 3430 1128 3495 accommodabimus.
1175 3430 1340 3495 Hactenus
1354 3430 1449 3507 enbn,
1472 3429 1534 3516 qud

253 3525 352 3590 ardua
372 3528 431 3594 ista
445 3530 621 3617 disquisitio
634 3533 754 3599 facilior
769 3537 953 3602 redderetur
967 3539 1006 3602 ab
1022 3538 1166 3602 omnibus
1181 3540 1421 3622 circumstantiis
1437 3550 1537 3603 exter·

251 3635 300 3697 nis
315 3636 428 3720 quibus
443 3638 569 3704 effectus
585 3664 604 3705 a
618 3643 735 3709 viribus
752 3645 834 3711 Solis
849 3669 886 3711 ac
905 3648 1006 3713 Lunae
1021 3648 1160 3711 oriundis
1176 3649 1225 3713 vcl
1239 3649 1359 3714 turbari
1372 3650 1420 3713 vel
1437 3648 1536 3712 deter-

252 3741 373 3806 minata
397 3743 586 3810 difficiliores
615 3749 705 3814 reddi
736 3764 874 3836 possent,
906 3752 1125 3841 cogitationem
1154 3754 1371 3819 abstraximus.
1432 3752 1537 3819 Primo

252 3851 369 3916 scilicet
387 3875 452 3917 non
474 3857 573 3919 solum
590 3870 686 3921 totam
702 3860 836 3924 Terram
851 3884 891 3926 ex
907 3863 986 3949 aqut
1001 3864 1166 3927 conflatam
1180 3862 1351 3948 posuimuS,
1376 3864 1539 3928 sedetiam

252 3960 398 4025 inertiam
420 3986 509 4050 aquoe
530 3980 636 4031 mente
657 3969 847 4049 sustulimus,
872 3984 906 4035 ut
927 3970 965 4035 eb
986 3973 1149 4056 pauciores
1165 3995 1213 4036 res
1235 3972 1269 4035 in
1284 3985 1466 4058 computum
1481 3970 1538 4035 du·

252 4070 360 4133 candae
375 4087 581 4157 superessent
626 4076 753 4142 Deinde
768 4080 888 4143 inertiae
903 4081 1030 4167 quidem
1045 4080 1209 4144 habuimus
1226 4080 1386 4159 rationem,
1403 4103 1440 4143 ac
1455 4102 1535 4165 prae-

252 4175 399 4242 cedentes
420 4180 693 4247 determinationes
715 4184 821 4250 debito
839 4186 935 4251 modo
950 4187 1153 4266 correximus
1170 4184 1278 4251 verium
1293 4199 1390 4251 totam
1406 4188 1538 4251 Terram

251 4282 333 4367 aquis
353 4286 555 4375 undiquaque
576 4290 795 4355 circumfusam
815 4295 1025 4372 assumsimus,
1053 4316 1109 4358 seu
1130 4294 1300 4358 etiamnum
1325 4293 1494 4358 anomalias
1520 4316 1539 4355 a

253 4389 363 4452 Terris
378 4394 583 4477 negleximus.
627 4398 723 4463 Nunc
737 4401 842 4487 itaque
855 4414 963 4465 nostra
977 4399 1099 4465 theoria
1113 4396 1151 4464 ed
1166 4411 1213 4463 est
1226 4400 1388 4484 perducta,
1411 4414 1447 4464 ut
1461 4398 1536 4462 nihil

251 4495 384 4581 ampliris
410 4498 545 4584 adjicere
566 4526 692 4573 neccsse
713 4509 803 4587 soret,
827 4510 854 4574 si
877 4508 1002 4595 quidem
1023 4520 1117 4573 aestus
1140 4509 1234 4572 maris
1256 4532 1276 4572 a
1298 4509 1407 4573 Terris
1428 4508 1536 4573 littori·

251 4602 372 4691 busque
388 4607 575 4674 sensibiliter
589 4634 653 4677 non
668 4616 860 4694 afficeretur3
882 4618 944 4681 nisi
965 4613 1044 4680 forte
1066 4616 1231 4679 anomaliae
1245 4614 1388 4702 quasdam
1405 4640 1425 4679 a
1439 4616 1536 4681 ventis

251 4710 393 4775 oriuudae
415 4720 652 4781 commemorari
667 4721 826 4801 deberent,
851 4746 921 4809 quae
936 4735 1039 4787 autem
1056 4734 1143 4785 motu
1158 4744 1247 4807 aquae
1269 4736 1434 4806 perspecto
1449 4718 1534 4785 facili
