3384 5459
258 416 322 475 aot
505 405 771 484 INQUISITIO
794 402 1000 471 PHYSICA
1022 401 1074 468 IN
1097 401 1293 468 cAUsAM

254 596 317 649 tur.
362 582 416 648 Ob
438 581 519 647 hanc
539 584 623 647 enim
647 583 751 669 ipsam·
768 582 946 648 facultatem
960 602 1074 666 corpus
1094 580 1127 643 in
1141 568 1229 646 motu
1244 580 1381 665 positum
1397 581 1458 645 ulia
1473 604 1544 646 cor·

254 714 343 777 pora,
368 713 439 777 quae
464 692 513 755 vel
533 691 631 776 ipsius
652 692 752 760 motui
773 691 890 757 directe
913 704 985 755 sunt
1006 690 1158 775 opposita,
1183 690 1232 755 vel
1253 692 1319 775 ejus
1339 690 1543 755 directionem

256 811 378 863 mutare
393 809 519 885 cogunt,
542 798 718 863 admotum
734 798 897 875 sollicitat3
920 811 1012 885 atque
1033 797 1132 883 priori
1154 818 1228 860 casu
1242 798 1359 884 regulae
1372 799 1543 862 'collisionis

256 917 434 989 corporum,
457 904 622 988 posteriori
643 905 719 970 verb
733 906 779 969 vis
794 904 976 992 centrifugae
997 903 1119 969 indoles
1133 917 1166 968 et
1178 904 1383 989 proprietates
1398 907 1544 973 oriuntur

256 1035 294 1077 ac
307 1012 570 1104 demonstrantur.
615 1013 698 1079 cam
719 1015 815 1102 igitur
836 1014 942 1079 omnia
956 1036 1088 1097 corpora
1102 1016 1260 1078 terrestria
1274 1026 1338 1079 tam
1352 1015 1460 1081 verstls
1483 1018 1554 1083 so·

255 1120 328 1197 lem,
344 1116 438 1205 qulam
459 1119 567 1185 vereris
588 1120 712 1185 Lunam
732 1118 885 1206 perpetud
900 1120 1112 1196 sollicitentur,
1135 1142 1228 1184 cansa
1242 1120 1335 1206 hujus
1351 1120 1544 1189 sollicitatio·

258 1228 308 1292 nis
322 1230 473 1293 continuo
487 1229 632 1313 appulsui
646 1230 784 1293 materiae
799 1228 960 1313 cujusdam
974 1228 1105 1305 subtilis,
1127 1227 1176 1291 vel
1190 1226 1221 1289 vi
1236 1226 1417 1313 centrilirgee
1432 1229 1543 1293 similis

255 1336 395 1399 materiae
424 1334 519 1398 tribui
548 1335 682 1399 debebit.
741 1333 846 1398 Priori
866 1334 962 1421 igitur
990 1356 1064 1399 casu
1089 1332 1252 1397 materiam
1275 1334 1421 1397 subtilem
1450 1336 1543 1399 mauu

255 1431 424 1527 oporteret,
440 1448 512 1526 qu'oe
527 1454 705 1505 constanter
718 1440 839 1505 summai
854 1440 1018 1525 rapiditate
1032 1438 1106 1503 crim
1116 1438 1157 1502 ad
1170 1438 1276 1503 Solem
1285 1435 1354 1503 trim
1363 1440 1404 1503 ad
1416 1440 1543 1507 Lunam

256 1548 408 1613 ferretur:
431 1548 611 1633 hujusmodi
625 1548 700 1611 verb
714 1547 895 1632 hypothesis
911 1546 952 1610 ob
968 1544 1119 1609 maximas
1135 1542 1343 1623 difficultates,
1366 1546 1544 1631 quibus-est

255 1655 403 1733 involuta,
431 1656 554 1721 admitti
577 1654 705 1719 minime
729 1667 841 1741 potest.
898 1652 1005 1718 Primo
1031 1654 1114 1717 enim
1140 1651 1293 1738 perpetuo
1311 1654 1400 1719 novis
1423 1656 1542 1721 viribus

256 1744 338 1825 esset
352 1782 442 1845 opus,
464 1784 537 1847 quse
549 1761 711 1827 materiam
726 1760 871 1825 subtilem
885 1760 1096 1823 indesinenter
1110 1757 1217 1826 vetaris
1234 1758 1340 1823 Solem
1355 1759 1543 1847 Lunamque

254 1868 416 1954 pellerent,
444 1868 505 1955 qud
534 1869 673 1955 quidem⁴
692 1892 727 1934 re
755 1868 887 1955 questio
915 1889 979 1931 noo
1009 1870 1158 1953 majorem
1183 1867 1286 1931 lucem
1307 1876 1541 1953 'assequeretun

256 1975 382 2041 Deinde
413 1976 484 2039 talis
515 1988 619 2040 motus
650 1998 708 2061 per
736 1974 854 2040 sedin
883 1974 1052 2039 consistere
1075 1994 1140 2037 non
1169 1984 1285 2058 posset,
1311 1986 1457 2057 propter.-
1469 1996 1552 2061 per-,

259 2097 389 2169 petrum
410 2086 550 2149 materioe
571 2084 692 2169 subtilis
712 2084 754 2149 ad
775 2083 884 2149 eadem
897 2083 968 2149 loca
990 2081 1142 2147 effluxum
1166 2082 1350 2167 nullumque
1374 2084 1541 2163 refluxum,

256 2206 293 2258 ut
317 2208 474 2260 taceamus
503 2194 564 2260 alia
589 2196 727 2259 maxima
755 2192 953 2259 incommoda
981 2214 1053 2257 cum
1085 2190 1259 2257 istiusmodi
1286 2191 1442 2275 positione
1469 2214 1543 2277 per·

255 2303 364 2369 mixta.

300 2416 324 2493 §.
342 2419 393 2475 te.
418 2411 555 2477 Exclusi
578 2412 674 2500 igitur
690 2414 834 2479 materiae
855 2408 976 2479 subtilis
995 2410 1145 2477 motinus
1160 2409 1310 2489 allisione,
1333 2424 1482 2497 tauquam
1501 2410 1544 2475 ad

255 2514 337 2579 vires
359 2514 432 2582 crim
452 2519 493 2582 ad
517 2520 623 2584 Solem
637 2518 706 2584 tdm
722 2521 847 2585 Lunam
861 2519 1024 2583 tendentes
1042 2516 1261 2603 producendas
1275 2518 1402 2581 minime
1417 2518 1541 2593 idonei,

259 2623 446 2687 elieborum
460 2625 571 2689 virium
587 2647 681 2691 causa
693 2647 758 2689 non
773 2626 968 2711 relinquitur,
984 2625 1044 2687 nisi
1058 2644 1129 2709 quae
1143 2622 1177 2687 in
1191 2622 1222 2687 vi
1236 2623 1410 2709 centrifugd
1425 2625 1544 2687 consis-

253 2739 309 2791 tat.
356 2729 634 2804 Quemadmodum
655 2742 760 2795 sutem
782 2730 913 2795 materia
934 2728 1054 2793 subtilis
1075 2729 1109 2791 in
1130 2750 1244 2815 gyrum
1258 2740 1327 2791 acta
1341 2750 1379 2791 ac
1391 2731 1543 2793 vorticem

253 2832 394 2897 formans
416 2854 482 2898 non
504 2833 607 2899 soldm
626 2836 731 2899 animo
745 2835 878 2920 concipi,
900 2833 1063 2926 sedetiam
1076 2834 1110 2897 iu
1125 2832 1243 2896 mundo
1257 2834 1423 2917 persistere
1439 2849 1542 2921 queat,

253 2944 320 3025 jam
344 2940 419 3009 sotis
442 2964 599 3028 superque
623 2955 671 3006 est
695 2942 883 3028 expositum,
908 2940 980 3005 crim
1009 2941 1042 3003 in
1065 2939 1341 3017 dissertationibus,
1373 2963 1447 3027 quae
1471 2941 1544 3007 edm

254 3052 388 3137 quaeotio
402 3052 443 3115 de
456 3052 550 3127 canet
572 3054 787 3140 grantationis
808 3054 989 3141 agitaretur,
1011 3052 1118 3118 laudes
1133 3052 1348 3117 illustrissimae
1363 3056 1543 3121 Academias

254 3162 466 3240 merebantur,
489 3161 558 3227 trlm
579 3164 673 3227 etiam
692 3165 726 3227 in
740 3164 809 3227 aliis
823 3165 970 3248 operibus
981 3184 990 3241 3
1013 3166 1125 3250 quibus
1147 3164 1180 3227 in
1201 3165 1277 3231 locis
1292 3166 1386 3230 simul
1407 3168 1543 3234 dilucide

253 3280 301 3332 est
321 3278 491 3346 ostensum,
515 3268 679 3354 quomodo
700 3269 853 3355 ejusmodi
873 3271 1005 3335 vortices
1027 3282 1221 3356 comparatos
1246 3295 1314 3337 esse
1333 3289 1486 3357 oporteat,
1509 3289 1545 3341 ut

255 3377 337 3441 vires
358 3378 541 3466 oentrifugae
562 3380 641 3446 fiunt
662 3380 821 3465 quadratis
841 3380 1059 3445 distantiarum
1081 3404 1100 3445 a
1121 3393 1228 3445 centro
1243 3383 1368 3446 vorticis
1384 3384 1544 3469 reciprood

255 3488 517 3573 proportionales.
563 3490 647 3565 Quae
668 3512 718 3553 res
740 3488 813 3553 crim
834 3512 906 3554 meo
927 3491 1053 3576 quidem
1073 3490 1193 3574 judicio
1213 3491 1280 3575 jam
1302 3505 1367 3555 tom
1387 3493 1482 3575 plana
1503 3496 1546 3558 sit

253 3598 344 3676 facta,
361 3600 464 3663 utrix
479 3601 645 3686 quicquam
661 3600 701 3664 ad
715 3620 854 3684 praesens
870 3600 1045 3663 institutum
1059 3600 1192 3663 attinens
1208 3600 1300 3684 adjici
1322 3612 1420 3685 queat,
1444 3602 1545 3665 vorti-

252 3730 326 3773 cum
352 3710 492 3773 ulteriori
521 3710 657 3773 examini
685 3710 751 3772 sine
783 3685 848 3773 ulle
873 3706 1068 3771 haesitatione
1092 3708 1346 3792 supersedemus3
1378 3709 1474 3796 idque
1502 3710 1544 3775 ed

255 3817 365 3903 magis,
387 3816 472 3903 qudd
495 3816 697 3881 celeberrima
719 3816 890 3880 Academia
911 3815 1063 3900 ejusmodi
1088 3815 1224 3900 amplam
1250 3829 1342 3902 atque
1372 3816 1451 3881 adeo
1474 3820 1542 3903 jam

251 3926 424 3990 confectam
439 3926 664 4014 digressionem
678 3924 838 4009 postulare
853 3922 939 3987 haud
952 3923 1103 3987 videatur.
1136 3924 1295 3999 Quoniam
1310 3924 1393 3987 enim
1408 3928 1541 4011 quaestio

251 4032 294 4095 de
309 4054 402 4099 causa
416 4032 576 4121 gravitatis
591 4033 664 4097 edm
677 4030 784 4097 versus
800 4032 934 4095 Terram
948 4029 1016 4097 tum
1031 4032 1123 4097 etiem
1142 4030 1251 4097 versris
1267 4033 1372 4098 Solem
1387 4048 1420 4097 et
1432 4036 1540 4120 plane-

250 4151 299 4204 tas
314 4143 381 4224 jam
402 4143 477 4205 satis
498 4158 546 4205 est
566 4141 750 4227 investigata
770 4162 807 4204 ac
830 4140 983 4217 diremta3
1013 4161 1097 4203 nuno
1119 4140 1254 4225 quidem,
1276 4136 1304 4203 si
1328 4141 1540 4228 cujuscunque

254 4247 455 4332 phaenomeni
480 4272 573 4313 causa
596 4247 635 4312 ed
659 4248 753 4312 fuerit
780 4249 941 4333 perducto,
970 4248 1088 4312 ibidem
1117 4248 1376 4334 acquiescendum
1404 4250 1536 4328 videtur,

251 4378 353 4442 neque
374 4370 479 4422 actum
500 4357 625 4445 agendo
645 4357 750 4424 denub
765 4358 798 4420 in
813 4357 905 4421 aust
919 4358 1078 4445 gravitatis
1096 4358 1310 4445 investigandi
1325 4357 1459 4423 nimium
1481 4362 1537 4423 im·

248 4464 366 4527 morari
389 4464 584 4533 conveniret..
631 4463 778 4549 Denique
806 4466 1016 4550 inpraesenti
1040 4466 1167 4552 negotio
1196 4466 1337 4529 sufficere
1365 4480 1481 4551 posset,
1503 4468 1536 4532 si

250 4569 344 4635 aestirs
365 4571 460 4632 maris
482 4592 576 4633 causa
598 4569 702 4634 adhuc
723 4572 816 4634 tantis
838 4572 973 4635 tenebris
989 4572 1190 4637 obvolutaad
1205 4574 1265 4637 alia
1278 4572 1414 4637 maxime
1430 4586 1540 4659 operta

239 4674 458 4760 'phoenomena
471 4673 650 4755 reducatur,
673 4698 808 4763 quorum
821 4698 918 4743 causo
931 4699 996 4745 non
1011 4676 1113 4743 solrlm
1131 4678 1264 4745 habetur
1279 4672 1459 4767 probabilis,
1482 4679 1538 4745 sed

326 4803 345 4841 Ο
