3384 5459
527 466 531 475 -
556 422 619 489 ΕΤ
641 420 895 489 REFLUXUS
920 419 1079 487 MARIS.
1387 426 1451 486 Μ

172 606 317 659 centrum
331 596 491 683 gravitatis
511 596 640 673 moveri,
663 596 740 660 dum
752 595 815 661 hoe
828 608 972 667 centrum
985 594 1068 659 circa
1081 590 1176 657 totius
1191 590 1364 679 systematis
1380 611 1452 653 cau-

167 718 254 769 trum
268 706 428 793 gravitatis
442 707 481 791 (⁸)
497 707 646 771 continui>
659 708 838 771 revolvitur.

215 814 418 891 Gravitatem,
442 814 562 879 caeteris
582 816 720 899 paribus,
741 813 1009 900 proportionalem
1034 832 1101 879 esse
1123 808 1288 897 quantitati
1312 809 1450 873 masena

168 921 281 987 solidae
304 924 453 1009 corporis,
475 923 705 987 accuratissima
725 922 839 987 docent
860 922 1089 1007 experimenta3
1111 920 1267 1004 idemque,
1289 938 1308 980 e
1329 916 1450 981 calculo

169 1030 331 1113 gravitatis
355 1050 523 1113 corporum
547 1028 719 1091 eoelestium
744 1028 985 1112 comprobatum
1018 1026 1094 1113 quin
1119 1022 1301 1112 gravitatem
1325 1044 1449 1109 quoque

173 1136 261 1219 sequi
275 1135 429 1198 rationem
442 1134 581 1197 materiae
595 1136 736 1219 corporis
749 1132 857 1198 versds
878 1132 964 1219 quod
985 1132 1139 1219 dirigitur,
1162 1150 1203 1195 ex
1215 1130 1370 1213 principio
1384 1150 1448 1193 me·

173 1254 294 1306 morato
315 1243 444 1327 aliisque
466 1242 654 1328 argumentis
678 1241 842 1329 colligitur.
890 1240 1006 1305 Similis
1028 1250 1075 1302 est
1095 1234 1175 1300 ratio
1193 1236 1323 1299 aliarum
1336 1234 1448 1297 virium

168 1371 242 1434 quaa
262 1348 296 1411 in
316 1346 427 1411 naturai
442 1348 651 1411 dominantur.
696 1347 791 1412 Lucis
805 1346 885 1410 radii
901 1368 951 1409 ex.
966 1367 1014 1433 gr.
1029 1343 1128 1430 magis
1143 1340 1364 1429 restinguatur,
1388 1362 1448 1405 cae-

167 1454 243 1517 teris
263 1453 401 1538 paribus,
424 1452 487 1537 qud
508 1453 652 1516 densiora
665 1464 737 1516 sunt
751 1472 883 1535 corpora
897 1474 968 1537 quae
983 1450 1166 1517 subintrant.
1212 1446 1323 1511 Terrae
1343 1460 1448 1532 partes

168 1560 277 1625 vereris
298 1584 332 1625 se
352 1559 464 1625 mutuo
485 1563 650 1647 gravitant,
672 1582 737 1625 non
757 1560 865 1626 vereda
886 1560 967 1625 illud·
984 1572 1134 1645 punctum
1149 1559 1257 1623 fictum
1272 1558 1356 1643 qnod
1375 1578 1448 1621 cen·

167 1680 254 1732 uum
269 1665 381 1731 Terrae
397 1667 607 1751 appellamus3
629 1668 714 1752 quod
729 1666 801 1731 edm
814 1666 928 1731 rationi
948 1678 979 1731 et
999 1666 1149 1752 analogia
1163 1676 1282 1729 natanta
1297 1664 1336 1727 sit
1349 1664 1449 1727 maxi-

166 1774 219 1839 me
241 1788 497 1851 consentaneum,
519 1787 588 1839 turn
612 1773 820 1857 pulcherrimi
841 1774 1042 1843 confirmatam
1067 1772 1302 1837 accuratissimis
1327 1771 1448 1855 experi-

169 1881 284 1945 mentis
299 1902 372 1967 qnae
394 1882 428 1943 in
441 1882 560 1946 boreali
575 1882 713 1968 Europa
726 1896 815 1966 parte
827 1904 930 1966 nuper
942 1875 1142 1945 instituerunt
1154 1881 1212 1945 viri
1229 1878 1389 1943 clarissimi
1408 1901 1449 1945 ex

169 1990 342 2056 Academiai
365 1990 465 2079 Regis
488 1992 664 2057 Parisiensi.
709 1993 814 2058 Causa
833 1992 992 2081 gravitatis
1015 1997 1231 2079 (quaecumque
1246 1991 1372 2055 demum
1393 1992 1445 2072 sit)

170 2100 234 2164 late
255 2100 454 2183 dominatur}
477 2100 610 2188 cqune
624 2102 664 2167 ait
677 2100 799 2167 diverse
818 2102 852 2166 in
867 2101 996 2166 diversis
1011 2100 1172 2177 disturtiis,
1194 2120 1258 2163 non
1273 2110 1320 2163 est
1333 2098 1448 2168 miran-

170 2209 258 2288 dum,
274 2214 341 2296 ejus
354 2213 419 2275 rim
432 2212 569 2297 pendere
582 2234 707 2299 quoqne
722 2238 741 2277 a
754 2212 968 2301 magnitudine
981 2212 1063 2275 illius
1078 2212 1226 2295 corporis,
1242 2209 1349 2275 versds
1363 2210 1449 2297 quod

168 2316 230 2380 alia
249 2316 390 2400 impellit.
435 2318 583 2381 Fatemur
598 2318 663 2382 rim
684 2318 766 2383 hauc
781 2320 905 2404 corpori
924 2318 1053 2383 bannali
1071 2317 1241 2401 impropria
1255 2316 1370 2394 tribui3
1392 2336 1448 2381 ex·

166 2425 255 2509 pedit
268 2425 396 2512 quidem
408 2426 567 2490 brevitatis
581 2426 681 2514 gratiai
695 2428 740 2491 sic
753 2426 851 2515 loqui,
866 2427 900 2492 id
914 2438 1018 2491 autam
1032 2446 1124 2489 sensu
1138 2424 1268 2512 vulgari,
1289 2444 1355 2489 non
1373 2422 1447 2511 phi-

166 2536 328 2623 losophioo
342 2550 390 2602 est
403 2537 648 2625 intelligendum.

210 2644 296 2707 Haee
309 2642 446 2707 breviter
459 2642 581 2709 tantum
594 2642 649 2707 bic
663 2642 867 2731 attingimus..
898 2642 1067 2705 Newtonus
1081 2637 1244 2726 postquam
1258 2638 1447 2707 definivisset

165 2750 230 2813 rim
254 2749 335 2814 Solis
357 2750 398 2813 ad
420 2772 515 2836 aquas
537 2750 710 2814 turbandus
731 2772 774 2814 ex
795 2747 968 2813 differentid
989 2747 1131 2811 diametri
1153 2746 1317 2832 aquatoris
1332 2756 1364 2809 et
1378 2748 1446 2811 axis

167 2854 278 2920 Terrae
300 2859 407 2940 (quam
428 2856 698 2941 approximatione
719 2854 853 2944 quddam
875 2854 930 2921 sui
955 2854 1205 2941 investigaverat)
1229 2876 1286 2938 per
1307 2854 1446 2939 regulam

166 2982 292 3024 auream
314 2960 426 3046 quaerit
446 2961 584 3025 breviter
604 2982 766 3026 ascensum
787 2982 877 3047 aquae
895 2982 935 3024 ex
955 2959 987 3023 vi
1011 2959 1091 3024 Solis
1105 2958 1281 3021 oriundum.
1326 2959 1446 3025 Venlm

165 3069 306 3156 quamvis
320 3068 451 3132 elevatio
465 3091 565 3155 aquas,
582 3092 652 3156 quae
667 3070 712 3135 sic
724 3070 839 3155 prodit,
856 3090 967 3155 pamm
982 3092 1001 3132 a
1014 3068 1086 3133 reri
1102 3067 1233 3145 differat,
1256 3066 1327 3133 edm
1342 3078 1446 3135 tamen

166 3178 366 3243 Problemata
386 3178 455 3243 baec
469 3179 532 3242 sint
546 3179 661 3244 diversi
679 3180 812 3268 generis,
836 3200 970 3265 (quonam
988 3178 1075 3265 prius
1093 3178 1210 3262 pendet
1224 3200 1243 3241 a
1257 3177 1446 3263 quadraturis

165 3288 283 3364 circuli,
303 3290 458 3373 posterius
477 3302 582 3353 autem
596 3314 616 3354 a
630 3288 817 3376 quadraturi
832 3288 1014 3375 hyperbolae
1029 3312 1082 3353 seu
1097 3287 1300 3375 logarithmis,
1324 3300 1359 3351 ut
1371 3308 1444 3371 pos-

164 3394 217 3459 ted
237 3396 424 3473 videbimus3
448 3398 547 3482 sitque
569 3398 732 3484 dubitandi
752 3398 839 3462 locus
861 3418 901 3461 an
923 3420 942 3460 a
960 3397 1058 3481 priori
1072 3396 1111 3459 ad
1125 3396 1329 3480 posteriorem
1344 3396 1444 3460 eleva-

163 3501 282 3564 tionem
297 3501 573 3580 determinandam,
589 3504 736 3568 transitus
751 3502 830 3567 adeb
842 3503 944 3567 brevis
961 3503 999 3565 sit
1013 3503 1097 3565 omni
1113 3512 1255 3585 exparte
1276 3501 1441 3588 legitimus,

163 3608 215 3672 vel
236 3610 330 3671 etiam
345 3630 386 3671 an
399 3608 566 3673 methodus
587 3608 648 3696 qud
669 3610 804 3698 figuram
818 3608 930 3673 Terrae
946 3608 1128 3671 definiverat
1142 3608 1181 3671 sit
1195 3607 1267 3671 satis
1283 3618 1442 3683 accurata3

165 3713 297 3801 clamque
310 3716 391 3779 vires
407 3715 615 3780 subtilissimae
630 3729 750 3780 motum
764 3715 858 3779 maris
877 3713 1063 3799 producant,
1079 3736 1149 3799 quas
1164 3712 1266 3777 nullos
1281 3712 1357 3776 alios
1373 3734 1443 3777 sen·

164 3822 266 3886 sibiles
287 3823 385 3887 edunt
405 3823 542 3903 effectus,
567 3823 647 3889 adab
668 3837 704 3889 ut
725 3824 880 3889 levissima
894 3844 1024 3909 quaeque
1038 3824 1070 3885 in
1086 3822 1145 3886 hae
1160 3822 1373 3908 disquisitione
1386 3821 1442 3886 ali·

163 3929 251 4012 cujus
273 3930 422 3993 momenti
445 3952 511 3995 esse
531 3930 671 4015 possint3
699 3942 867 4015 propterea
888 3930 1060 3993 existimavi
1084 3950 1135 3992 me
1158 3927 1311 3993 facturum
1334 3950 1441 4013 operae

161 4037 316 4120 praetium,
338 4037 366 4100 si
386 4037 479 4101 aliam
499 4038 652 4123 aperirem
665 4038 748 4101 viam
762 4037 823 4122 qui
838 4037 974 4101 calculus
988 4037 1021 4099 in
1035 4035 1121 4100 hisce
1137 4036 1385 4103 Problematibus
1399 4060 1440 4103 ex

161 4147 308 4235 genuinis
321 4148 481 4233 principiis
496 4148 723 4214 accuratissime
737 4148 856 4213 institui
869 4148 991 4233 poterit.

206 4254 389 4340 Repetenda
409 4255 563 4339 imprimis
585 4267 658 4320 sunt
677 4277 778 4340 panea
798 4276 839 4319 ex
864 4254 1026 4331 Newton0,
1053 4263 1162 4337 postea
1182 4252 1263 4316 viam
1286 4252 1439 4319 diversam

160 4382 335 4446 sequemur.
384 4361 431 4427 Sit
453 4362 483 4426 L
505 4362 608 4441 Luna,
632 4363 664 4426 T
686 4375 827 4426 centrum
851 4358 971 4437 Terroe,
999 4360 1063 4425 Bb
1087 4360 1216 4444 planum
1242 4372 1335 4425 rectae
1357 4361 1387 4425 L
1407 4362 1439 4426 Τ

191 4540 228 4607 (”)
241 4542 357 4617 suspicari
366 4544 422 4591 lieet
431 4544 533 4607 aliquam
544 4545 684 4607 obliquitatis
693 4544 781 4605 eclipti—
812 4543 882 4591 oriris
901 4544 987 4591 indicio
999 4542 1041 4590 erit
1052 4544 1113 4592 bana
1123 4559 1172 4592 esse
1181 4544 1326 4605 phrenomeni
1336 4558 1434 4598 musana,

158 4620 194 4652 cre
205 4606 361 4665 varianonem,
373 4608 404 4654 de
418 4607 466 4670 qus
476 4622 553 4654 mo
562 4619 597 4655 est
606 4609 669 4667 aprsd
680 4618 782 4655 ammo·
813 4608 833 4655 ai
852 4607 979 4655 naamam
996 4606 1061 4653 illam
1077 4608 1225 4656 saladon·
1242 4607 1373 4669 amlngiarn
1388 4621 1436 4652 ser-

157 4684 217 4726 mos,
239 4684 269 4717 ex
289 4679 357 4719 motu
376 4672 436 4719 Solis
452 4671 514 4719 circa
531 4680 638 4719 oeuuurn
655 4672 783 4732 systunatis
814 4686 931 4719 rnatum
942 4671 1240 4733 motuJorispluuetannn
1249 4670 1353 4720 manuni.
