3384 5459
279 416 342 475 au
431 378 435 385 ’
577 410 643 477 na
665 412 819 479 causi
841 410 1257 489 enumeraturus

277 575 543 661 perpendiculare,
567 577 595 641 P
615 577 766 662 particula
779 580 896 663 quaevia
911 579 1041 657 Terrae3
1064 578 1165 665 sitque
1186 578 1269 643 PM
1290 579 1569 665 perpendicularis

276 687 311 749 in
333 685 461 769 planum
483 686 513 749 B
533 684 565 748 b.
618 686 835 770 Repraesentet
856 687 885 751 L
901 687 932 751 T
953 687 1136 773 grautatem
1159 687 1270 751 Terrae
1293 687 1485 752 mediocrem
1509 687 1568 749 vel

276 793 438 877 particulae
451 792 484 856 in
498 805 607 857 centro
621 793 653 857 T
665 796 776 878 positae
790 793 897 857 versis
913 794 1046 871 Lunam,
1062 807 1201 858 sumatur
1215 794 1287 861 LK
1301 796 1341 859 ad
1357 794 1387 859 L
1402 794 1444 873 T,
1460 808 1499 859 ut
1512 806 1566 858 est

276 899 374 965 LT²
387 900 428 963 ad
442 899 472 964 L
488 898 549 978 ΡΞ,
566 901 686 985 eritque
699 912 785 965 recta
799 901 829 965 L
844 900 877 963 K
891 922 1037 963 mensura
1049 899 1184 986 gravita·

274 1008 316 1070 tis
330 1008 492 1091 particulae
504 1009 575 1073 Pin
590 1009 724 1072 Lunam.
758 1008 903 1073 Ducatur
913 1007 946 1071 K
958 1007 989 1071 G
1005 1018 1098 1071 rectae
1115 1007 1184 1071 PT

107 1197 112 1207 ¹
154 1099 157 1104 ¹
275 1112 431 1195 parallelo,
448 1125 651 1199 occurratqae
665 1115 695 1178 L
710 1113 742 1177 T
754 1114 927 1197 producte,
944 1113 971 1175 si
984 1134 1064 1197 opus
1078 1124 1136 1191 est,
1150 1111 1184 1177 in

276 1218 319 1294 G,
335 1230 368 1281 et
381 1220 551 1283 resolvetur
565 1221 611 1283 vis
626 1221 656 1284 L
672 1220 704 1283 K
718 1221 751 1284 in
766 1221 846 1284 vires
863 1220 895 1283 K
912 1220 944 1285 G
958 1234 990 1283 et
1004 1220 1033 1283 L
1050 1220 1091 1297 G,
1108 1242 1184 1306 qua·

264 1347 345 1388 -rum
363 1326 450 1409 prior
471 1340 562 1414 urget
581 1327 766 1412 particulam
781 1327 809 1391 P
823 1324 931 1390 versis
945 1339 1087 1391 centrum
1102 1327 1182 1391 Ter·
1234 1362 1266 1421 K

273 1455 329 1511 rae,
353 1446 460 1520 estque
480 1435 544 1499 iere
561 1435 689 1520 equalis
708 1436 768 1519 ipsi
789 1434 881 1509 PT;
905 1434 1085 1517 posterioris
1110 1455 1184 1518 pars

264 1539 352 1604 -TL
376 1542 519 1605 omnibus
544 1542 703 1627 particulis
726 1541 908 1617 communis,
931 1552 963 1604 et
983 1541 1041 1604 sibi
1061 1563 1182 1625 semper

273 1648 430 1731 parallelo,
445 1661 565 1713 motum
578 1672 668 1735 aquae
682 1631 746 1712 non
764 1648 887 1723 ttubat3
908 1647 1006 1711 altera
1019 1648 1094 1711 verb
1108 1670 1181 1733 pars

275 1754 307 1819 T
322 1755 356 1821 G
369 1769 417 1821 est
430 1755 523 1842 quim
536 1754 679 1841 proxime
694 1756 821 1843 aequnlis
836 1754 895 1841 ipsi
911 1765 929 1819 3
947 1754 975 1818 Ρ
990 1754 1039 1821 Μ.
1082 1757 1101 1795 *
1117 1754 1181 1819 Im·
1226 1801 1254 1865 b

273 1862 382 1946 primis
404 1864 501 1949 igitur
525 1863 729 1951 quarendum
750 1876 797 1931 eat
817 1884 962 1949 quaenam
984 1861 1096 1926 debeat
1116 1884 1183 1926 esse

273 2183 387 2269 plicati
401 2184 661 2267 decrescentibus,
677 2207 810 2272 quaeque
824 2184 916 2249 simul
935 2185 1090 2271 agitantur
1104 2184 1184 2248 dua-

260 2290 333 2355 bus
347 2290 463 2354 viribus
477 2292 642 2370 extraneis,
658 2314 790 2377 quarum
804 2292 902 2356 altera
915 2288 1023 2355 versis
1038 2300 1181 2355 centrum

118 2440 121 2444 -
190 2465 192 2468 ,
275 2394 470 2483 Tdirigitur‚
482 2410 591 2484 estque
605 2422 727 2485 semper
737 2397 1010 2464 utPTdistantie
1020 2397 1181 2481 particulae

274 2525 294 2565 a
307 2515 424 2581 centro,
440 2504 536 2569 altera
549 2507 615 2593 agit
628 2507 661 2569 in
675 2518 761 2570 recta
773 2506 833 2591 ipsi
849 2506 880 2570 T
896 2506 925 2569 L
943 2504 1100 2598 parallele,
1120 2512 1181 2566 est·

274 2631 336 2696 que
356 2611 398 2674 ad
417 2612 555 2695 priorem
576 2625 611 2676 ut
632 2622 651 2677 8
668 2613 695 2678 Ρ
712 2612 752 2677 Μ
773 2613 813 2701 ad
837 2613 865 2678 P
885 2613 925 2677 T.
971 2610 1180 2678 Ostendemus

274 2730 378 2781 autem
401 2719 545 2784 Sectione
566 2721 706 2805 sequenti
730 2720 865 2807 liguram
886 2720 979 2805 hujus
1001 2718 1092 2811 ,fluidi
1117 2738 1185 2781 esse
1266 2751 1271 2769 ι

273 2824 416 2889 accurati
430 2827 638 2911 sphaeroidem
652 2849 723 2914 quae
736 2828 877 2915 gignitur
891 2827 1082 2892 revolutione
1097 2824 1239 2910 ellipseos
1254 2822 1338 2888 circi
1352 2846 1443 2887 axem
1453 2836 1556 2889 trans·

274 2957 407 3012 versum,
431 2937 458 2999 si
480 2937 582 3001 Terra
602 2951 796 3021 supponatur
817 2937 1012 3001 uniformiter
1029 2936 1150 3009 'densa3
1183 2945 1279 3021 atque
1302 2933 1376 2996 hinc
1401 2932 1556 2995 calculum

274 3045 377 3110 motbs
390 3050 483 3110 maria
498 3071 538 3112 ex
551 3049 687 3113 motibus
702 3047 879 3113 coelestibus
894 3048 1047 3113 deducere
1062 3044 1253 3110 conabimur.

324 3149 563 3218 Observandum
577 3166 681 3217 autem
694 3154 769 3216 alias
784 3175 892 3217 causas
906 3146 1085 3237 conspirare
1100 3151 1141 3217 ad
1154 3161 1256 3213 motus
1271 3147 1366 3217 maris
1379 3146 1554 3230 producen-

278 3256 336 3321 dos
361 3280 432 3322 cum
454 3258 600 3345 inaequali
624 3258 774 3345 gravitate
798 3260 934 3342 partium
960 3258 1071 3323 Terrae
1093 3254 1199 3319 versis
1227 3254 1352 3317 Lunam
1376 3264 1408 3314 ct
1439 3252 1553 3315 Solem.

277 3366 385 3430 Motus
401 3368 510 3431 Terrae
524 3366 654 3432 diurnus
668 3368 752 3432 circa
765 3389 857 3431 axem
871 3388 961 3431 suum
976 3366 1068 3431 variis
1082 3364 1183 3428 modis
1200 3373 1310 3427 aestum
1324 3359 1418 3423 maris
1433 3358 1554 3445 efficere

275 3475 408 3552 videtur,
424 3488 540 3560 praeter
553 3475 641 3539 illum
655 3498 675 3538 a
689 3474 843 3539 Newtono
857 3484 1072 3549 memoratum,
1088 3493 1151 3557 quo
1165 3481 1258 3533 aestus
1273 3465 1314 3530 ad
1332 3464 1443 3529 horam
1464 3464 1553 3525 luna-

272 3602 339 3644 rem
353 3581 519 3645 secuudam
533 3594 587 3645 aut
600 3581 723 3645 tertiam
736 3580 921 3645 retardatur.
968 3588 998 3645 l.
1022 3578 1132 3645 AEstua
1154 3577 1191 3643 fit
1211 3572 1306 3659 pauld
1321 3574 1419 3656 major
1433 3570 1474 3633 ob
1489 3570 1554 3631 vim

272 3688 479 3776 centrifugam
500 3700 533 3753 et
554 3689 687 3775 liguram
708 3689 956 3775 sphaeroidicam,
980 3710 1020 3753 ex
1042 3698 1129 3751 motu
1151 3685 1261 3750 Terrae
1280 3681 1455 3757 oriundam,
1478 3676 1552 3742 edm

271 3792 340 3857 haec
353 3794 399 3857 vis
413 3792 510 3877 pauld
522 3795 620 3878 major
634 3795 747 3859 evadat
761 3794 948 3879 inpartibus
963 3793 1056 3856 maris
1072 3790 1232 3855 altioribus
1248 3787 1341 3875 quim
1355 3788 1388 3849 in
1399 3784 1553 3869 depressi·
1685 3768 1686 3803 l

274 3900 390 3964 oribus.
434 3908 465 3963 2.
489 3900 573 3964 Ctim
593 3901 687 3963 maris
709 3914 804 3964 aestus
816 3900 915 3964 fertur
929 3900 978 3963 vel
993 3922 1012 3961 a
1025 3897 1155 3962 meridie
1170 3892 1277 3959 versus
1299 3892 1550 3978 septentrionem,

271 4008 320 4070 vel
340 4007 449 4072 contri
470 4030 490 4071 a
510 4008 720 4093 septentrione
734 4006 840 4071 versis
857 4006 1029 4085 meridiem,
1051 4004 1160 4069 incidit
1174 4004 1207 4065 in
1222 4023 1328 4087 aquas,
1344 4022 1415 4085 quae
1429 3998 1551 4061 diversi

272 4111 436 4176 velocitate
457 4114 540 4177 circa
561 4136 652 4177 axem
673 4112 784 4177 Terrae
804 4112 1015 4190 revolvuntur,
1040 4124 1133 4196 atque
1154 4108 1227 4171 hinc
1248 4120 1351 4170 motus
1365 4126 1462 4169 novos
1478 4106 1551 4169 cieri

269 4242 396 4285 necesse
410 4234 465 4300 est,
481 4236 517 4287 ut
529 4235 640 4307 postea
652 4224 802 4287 dicemus.
849 4220 950 4287 Porri)
965 4218 1136 4285 secundnm
1151 4216 1303 4282 theoriam
1318 4213 1489 4301 gravitatis,
1503 4214 1549 4277 ris
1685 4244 1686 4303 i

271 4325 332 4410 quai
355 4328 516 4410 particulae
536 4331 630 4392 maris
650 4342 803 4417 urgentur
823 4326 931 4393 versds
953 4327 1084 4393 Terram
1100 4324 1240 4400 solidam,
1265 4328 1348 4408 (quoe
1363 4320 1443 4407 aqui
1457 4318 1550 4407 longe

269 4430 394 4495 densior
414 4433 473 4512 cst)
497 4447 622 4519 superat
643 4435 708 4498 vim
729 4434 790 4520 qui
812 4430 917 4498 versds
939 4454 1052 4518 aquam
1073 4442 1235 4519 urgentur.
1280 4428 1371 4490 Vires
1393 4427 1456 4491 illae
1478 4438 1551 4489 sunt
1685 4460 1686 4475 π

299 4605 314 4633 ’
335 4564 379 4647 Via
397 4603 446 4649 hue
462 4602 535 4663 paulo
552 4606 625 4667 major
642 4615 678 4652 est
695 4604 846 4666 ripasticaria
870 4604 891 4653 P
923 4614 987 4665 parte
999 4603 1076 4649 Lunae
1087 4602 1174 4661 ararat,
1184 4596 1341 4649 uudemeriui
1351 4599 1448 4647 habau:
1456 4594 1552 4662 equam

266 4663 512 4727 sitioparte'l'erroe
531 4666 725 4728 Luntobveni,
742 4669 851 4718 minwai
867 4670 892 4717 in
922 4666 1076 4730 ipaissPM.
