3384 5459
123 438 201 501 Cin.
220 435 264 515 I.]
480 432 545 497 AD
568 426 790 495 TERTIUM
813 420 1012 491 LIBRUM.
1342 421 1398 485 xix

120 606 293 671 differentia
318 602 550 691 longitndinum
576 601 736 665 stellarum
764 600 799 664 D
824 606 858 661 'et
888 597 912 661 S
919 618 929 671 ς
961 594 1143 657 Ιιωάιιῑεηι
1167 598 1403 657 observanonec

121 714 339 778 dismtiarum
368 716 524 774 astror'um
552 710 633 772 intcr
661 730 695 771 se
722 718 853 790 propter
879 716 1035 767 astrorum
1062 701 1244 765 continuam
1272 720 1404 765 conver·

121 823 239 886 sionem
255 816 423 882 non'fncilc
438 817 479 881 ad
494 836 646 881 summam
662 814 830 879 ncribeiam'
842 810 1067 896 perducuntur.

163 934 216 991 21.
242 926 289 993 Sit
311 938 339 986 11
360 946 377 987 z
398 946 427 987 ω
447 948 468 985 π
488 946 510 1009 q
530 922 647 986 telluris
670 920 782 1007 globus
803 940 861 1003 per
881 918 969 1001 cujus
992 926 1134 981 centrum
1155 912 1187 976 T
1212 912 1321 977 trmsit
1335 912 1404 977 axis

121 1032 282 1097 munii?
302 1054 335 1116 p.
380 1030 460 1095 Loci
481 1052 498 1093 z
521 1030 562 1093 sit
582 1028 712 1093 horizon
734 1024 887 1091 sensibilis
902 1024 924 1087 h
939 1046 967 1101 r,
983 1022 1114 1087 horizon
1134 1020 1292 1085 rationalis
1308 1020 1344 1085 H
1361 1021 1403 1097 R,

121 1154 152 1205 et
170 1136 415 1204 meridianusP
437 1128 465 1202 Ζ
487 1136 524 1201 Η
545 1134 588 1201 Ν.
635 1134 699 1200 His
719 1130 764 1201 iti
784 1131 971 1209 constitutis,
985 1131 1053 1195 uis
1067 1129 1188 1195 telluris
1200 1128 1316 1193 dicitur
1330 1150 1404 1213 pars

128 3377 153 3431 11
165 3390 191 3448 c,
213 3368 283 3436 axis
305 3368 415 3437 mundi
430 3370 495 3457 Pp
507 3369 627 3436 teilnris
643 3370 810 3457 superficie
824 3371 992 3437 terminata
1004 3372 1038 3437 in
1051 3357 1178 3459 punctis
1194 3384 1222 3435 Π
1237 3383 1269 3435 et
1281 3396 1312 3449 π,
1336 3393 1407 3457 quae

127 3476 185 3557 poli
204 3490 298 3543 terrae
319 3490 479 3545 vocmmr.
525 3480 621 3544 Polus
645 3494 673 3541 11
694 3480 769 3565 polo
784 3482 903 3545 coelesti
919 3482 946 3546 P
960 3482 1052 3547 nobis
1066 3483 1238 3567 conspicuo
1252 3480 1408 3565 subjectis

128 3581 253 3651 borealis
275 3588 325 3651 vel
346 3590 489 3668 arcticus,
512 3589 591 3653 niter
604 3612 625 3649 c
638 3589 782 3653 australis
796 3590 846 3653 vel
861 3590 1048 3655 antarcticus
1069 3590 1255 3676 appellatur.
1301 3588 1405 3653 Inter·
1428 3630 1437 3645 .

130 3692 215 3757 sectio
228 3694 317 3780 plani
331 3698 497 3783 aequatoris
508 3696 640 3761 coelestis
651 3698 739 3782 cujus
751 3708 799 3761 est
809 3697 961 3763 diameter
972 3698 1074 3791 AEUQ,
1087 3718 1159 3763 cum
1169 3698 1288 3763 telluris
1300 3718 1408 3781 super·

130 3794 200 3877 ficio,
216 3800 281 3865 sivi
297 3803 431 3869 circulus
445 3804 601 3867 maximus
616 3824 644 3867 ω
658 3824 673 3867 s
688 3826 710 3889 q
724 3826 756 3882 x,
774 3805 862 3889 cujus
876 3804 944 3889 poli
958 3816 1032 3869 sunt
1047 3818 1076 3867 11
1089 3817 1122 3870 ct
1135 3831 1165 3883 c,
1178 3804 1292 3869 dicitur
1303 3824 1408 3888 oequa·
1539 3812 1549 3825 '

130 3916 173 3970 tor
185 3913 339 3976 terrestris
361 3924 416 3978 aut
437 3914 531 3977 etiam
545 3912 679 3978 circulus
700 3913 924 3999 oequhioctinlis
938 3913 989 3977 vel
1003 3917 1061 3975 κατ’
1077 3915 1170 3997 ἐξοχὴν
1182 3912 1275 3975 lincn.
1319 3910 1408 3974 Lati-

130 4014 199 4079 tudo
218 4019 281 4084 loci
303 4021 437 4107 cujusvis
458 4045 476 4085 z
497 4022 531 4085 in
552 4021 716 4106 superficie
737 4032 831 4086 terroe
852 4035 900 4086 cst
921 4022 1068 4087 distantia
1089 4023 1155 4107 ejus
1176 4020 1217 4085 ab
1238 4032 1408 4107 aequctore,

130 4120 186 4239 tivi
200 4139 247 4190 est
261 4128 426 4193 meridiani
440 4130 594 4195 terrestris
609 4152 700 4194 arcus
715 4152 731 4192 z
747 4152 775 4193 ae
790 4123 992 4196 inter'locum
1005 4154 1023 4195 z
1038 4144 1069 4195 et
1082 4143 1275 4217 aequntorem
1287 4154 1315 4195 ae
1329 4148 1409 4215 sqx

130 4239 320 4316 mterceptus.
366 4232 462 4298 Undc
484 4246 570 4319 patet
590 4235 786 4299 latitudinem
807 4236 871 4299 loci
892 4260 909 4300 z
931 4238 965 4301 in
987 4237 1152 4321 superficie
1166 4249 1262 4301 terroe
1275 4256 1409 4299 numero
1505 4300 1511 4311 ,

130 4337 279 4419 graduum
300 4342 451 4427 aequnlem
474 4362 543 4405 esse
565 4340 764 4407 declinationi
786 4342 904 4407 coelesti
924 4343 1047 4406 verticis
1065 4342 1245 4429 chusdem
1258 4343 1330 4421 loci,
1354 4362 1410 4407 seu

130 4438 286 4508 elevationi
308 4444 374 4531 poii
401 4446 428 4513 P
451 4447 492 4510 R.
537 4447 620 4511 Nam
643 4468 733 4511 arcus
759 4448 786 4512 P
812 4447 842 4511 B.
865 4459 897 4511 et
919 4448 945 4511 Z
967 4446 1022 4524 AE,
1047 4462 1122 4513 sunt
1141 4427 1411 4535 aequales(10),ct

26 4570 27 4575 ¹
131 4571 212 4617 arcus
229 4555 255 4618 Z
270 4554 315 4622 AE
330 4578 367 4619 ac
381 4578 398 4619 z
413 4576 441 4619 oe
456 4555 598 4647 similesg
613 4576 670 4641 per
684 4554 789 4619 locum
803 4555 836 4618 in
851 4554 1017 4639 superficie
1030 4568 1125 4621 terrae
1137 4578 1197 4641 pro
1211 4554 1342 4619 arbitrio
1355 4554 1411 4621 de·

132 4663 322 4727 tesminatum
344 4664 477 4729 ducatur
498 4664 688 4729 meridianus
712 4676 739 4725 n
761 4687 778 4727 r
800 4690 820 4725 π
841 4676 1032 4751 aequatorem
1054 4688 1082 4729 ae
1104 4688 1192 4750 sqx
1207 4687 1316 4729 secans
1330 4664 1409 4739 inr;

742 4770 788 4817 bt
