3384 5459
446 422 637 491 FLUXUS
658 425 721 490 AC
743 425 1000 493 REFLUXUS
1023 424 1182 493 MARIS.
1395 436 1453 493 311

166 596 234 662 tdm
260 598 354 663 Luna
378 598 419 663 ad
442 611 632 686 aequatorem
653 613 824 680 versentur,
852 601 886 665 id
911 602 1091 689 quodcum
1114 600 1307 685 experientiis
1326 600 1457 665 mirifice

166 706 321 770 convenit
368 706 527 782 Quoniam
548 720 653 772 antem
673 709 743 772 hoec
764 732 806 773 ex
827 708 933 773 valore
954 708 1051 792 ipsius
1066 730 1089 794 g
1104 720 1243 771 assumto
1258 729 1456 793 consequun-

167 828 229 893 tur,
251 817 405 902 imprimis
427 820 529 882 notari
552 830 684 905 oportet,
708 819 844 883 litteram
860 840 963 905 gnon
982 839 1075 902 posse
1089 814 1230 880 absolute*
1245 816 1455 894 determinari,

166 922 222 985 sed
237 923 302 1007 ejus
318 924 532 1009 quantitatem,
557 927 674 1012 quippe
689 948 760 1011 quae
773 926 980 989 mobilitatem
995 926 1089 989 totius
1104 925 1214 987 oceani
1234 935 1363 1008 spectat,
1387 922 1459 987 crim

165 1030 207 1093 ab
228 1032 410 1095 extensione
431 1030 499 1096 tdm
521 1032 614 1095 etiam
635 1032 848 1117 profunditate
869 1032 964 1095 maris
985 1029 1143 1116 pendere3
1165 1052 1206 1094 ex
1228 1052 1292 1116 quo
1310 1031 1403 1095 variis
1425 1030 1459 1093 in

165 1139 244 1204 locis
257 1140 327 1205 hoec
342 1142 452 1206 eadem
466 1142 569 1206 littere
581 1164 614 1229 g,
630 1142 730 1205 varias
745 1142 991 1229 significationes
1006 1141 1162 1204 sortietur.

211 1249 238 1330 §J
253 1256 305 1313 89.
330 1248 382 1312 Ex
403 1249 556 1313 solutione
577 1248 691 1312 horum
713 1248 849 1312 duorum
867 1246 1110 1323 Problematum,
1127 1266 1198 1333 quae
1221 1244 1348 1331 quidem
1369 1246 1403 1309 in
1425 1269 1459 1310 se

126 1374 134 1383 ·
168 1366 309 1439 spectata
328 1377 393 1419 non
415 1356 517 1420 solum
537 1367 612 1419 sunt
630 1355 802 1420 attentione
824 1354 930 1443 digna,
955 1354 1011 1419 sed
1032 1354 1126 1418 etiam
1140 1352 1213 1419 crim
1228 1354 1369 1441 analysin
1389 1352 1458 1418 tdm

165 1465 260 1529 etiam
285 1463 388 1528 motirs
412 1465 572 1529 scientiam
597 1464 799 1549 amplificant,
826 1463 967 1550 quamvis
990 1484 1028 1527 ea
1048 1484 1155 1526 casum
1175 1461 1372 1545 propositum
1393 1482 1459 1525 non

162 1570 288 1655 penitus
313 1569 508 1649 exhauriant,
535 1584 640 1636 tamen
664 1585 769 1636 motus
790 1571 824 1634 in
847 1569 1098 1655 precedentibus
1122 1568 1286 1653 Capitibus
1308 1568 1456 1633 definitus

163 1676 264 1740 multi)
285 1678 384 1765 magis
407 1700 479 1741 cum
500 1678 691 1762 experientiis
718 1678 910 1755 conciliatur,
938 1676 970 1742 id
993 1677 1078 1764 quod
1103 1676 1233 1741 theoriae
1255 1688 1373 1741 nostrae
1391 1677 1458 1761 jam

162 1786 285 1874 insigne
300 1788 388 1851 addit
402 1788 642 1853 firmamentum.
689 1790 790 1853 Simili
809 1800 914 1853 autem
928 1788 1026 1853 modo
1041 1788 1087 1851 vis
1102 1810 1121 1851 a
1137 1786 1210 1871 Sole
1227 1784 1368 1870 profecta
1383 1806 1458 1849 cum

164 1894 276 1959 inertiri
292 1918 382 1981 aquae
395 1907 499 1981 potest
512 1898 670 1984 conjungi,
686 1912 780 1984 atque
794 1910 889 1961 aestus
904 1896 998 1961 maris
1020 1896 1152 1973 deliniri,
1174 1895 1328 1982 quitenus
1350 1916 1370 1958 a
1389 1894 1455 1959 0011

167 2002 201 2066 ri
227 2002 309 2067 Solis
334 2004 442 2080 oritur,
470 2004 583 2091 quibus
604 2004 728 2069 duobus
749 2005 909 2071 effectibus
930 2004 1157 2092 conjungendis
1176 2003 1320 2089 judicare
1341 2004 1458 2083 licebit,

163 2120 298 2195 quantus
320 2122 414 2174 astus
438 2112 548 2196 quovis
574 2124 716 2197 tempore
741 2126 774 2177 et
794 2114 904 2199 quovis
928 2114 998 2177 loco
1022 2114 1135 2177 debeat
1156 2113 1290 2178 evenire.
1337 2113 1377 2177 In
1396 2113 1459 2179 boc

162 2224 292 2311 quidem
308 2224 419 2309 Capite
434 2226 637 2313 cogitationes
653 2227 756 2291 adbuc
771 2229 811 2291 ab
826 2228 972 2292 omnibus
991 2228 1159 2292 obstaculis
1175 2252 1194 2292 a
1209 2218 1311 2293 Terrri
1329 2240 1362 2292 et
1375 2228 1459 2293 litto·

163 2334 251 2398 ribus
265 2335 407 2399 oriundis
420 2358 550 2420 prorsus
564 2336 783 2415 abstrahimus,
804 2350 896 2424 atque
912 2338 1089 2401 universam
1104 2338 1239 2402 Terram
1254 2338 1461 2425 undiquaque

164 2438 247 2526 aquai
270 2441 488 2506 circumfusam
508 2444 672 2528 ponimus3
698 2468 739 2510 ex
760 2469 823 2531 quo
844 2446 969 2534 regulas
991 2446 1065 2511 hinc
1086 2458 1175 2511 natas
1197 2444 1356 2532 praecipue
1378 2448 1461 2533 ejus-

162 2546 251 2611 modi
276 2548 556 2629 obserrationibus,
579 2572 651 2636 quae
672 2552 705 2614 in
727 2552 919 2638 amplissimo
941 2575 1058 2617 oceano
1079 2552 1165 2638 apud
1185 2554 1315 2642 exiguas
1336 2554 1460 2619 Insulas

163 2671 236 2724 sunt
251 2661 411 2736 institutae,
427 2660 561 2725 conferri
581 2664 754 2728 conveniet.
799 2664 958 2741 Quoniam
974 2680 1077 2729 autem
1092 2664 1231 2729 nondum
1248 2662 1350 2728 motils
1365 2686 1457 2752 aquae

165 2770 365 2855 progressivi,
389 2791 453 2855 quo
474 2770 657 2835 oltemativd
672 2770 714 2834 ad
733 2772 813 2848 loca,
836 2772 999 2858 inquibus
1017 2773 1121 2835 fluxus
1137 2784 1168 2835 et
1182 2771 1321 2835 refluxus
1336 2770 1458 2849 accidit,

163 2882 366 2968 progreditur
391 2895 422 2945 et
447 2882 574 2960 recedit,
601 2884 755 2947 rationem
779 2882 956 2960 habuimus,
982 2904 1109 2947 necesse
1133 2893 1180 2946 est
1203 2894 1239 2946 ut
1259 2879 1353 2945 etiam
1375 2881 1461 2945 bunc

163 3004 284 3053 motum
298 3004 331 3053 et
343 2990 553 3074 plraenomena
567 2990 642 3057 inde
656 3005 725 3055 orta
740 2990 997 3075 contemplemur.
1043 2992 1093 3055 Ac
1106 2988 1211 3075 primd
1226 2990 1353 3075 quidem
1367 2990 1458 3055 facile

163 3098 359 3185 intelligitur,
383 3099 458 3163 cdm
483 3100 525 3164 ob
548 3101 692 3165 inertiam
716 3121 805 3187 aquae
826 3097 895 3162 tdm
915 3100 1010 3163 etiam
1031 3098 1092 3163 alia
1113 3098 1337 3184 impedimenta
1358 3100 1459 3165 motui

164 3208 318 3291 opposita,
341 3230 454 3293 aquam
478 3220 541 3270 tam
562 3206 682 3272 tardiris
707 3207 820 3271 elevari
844 3206 948 3292 quiim-
961 3204 1096 3290 deprimi
1117 3219 1273 3290 oportere,
1298 3204 1392 3293 qudm
1413 3230 1455 3273 ex

162 3315 263 3379 allatis
288 3315 438 3380 hactenus
463 3318 680 3403 consequitur:
714 3316 805 3380 unde.
823 3316 928 3380 fluxus
953 3337 1019 3379 non
1044 3314 1086 3379 ad
1108 3317 1256 3379 transitus
1279 3310 1381 3378 Lunae
1401 3338 1459 3400 per

162 3424 370 3488 meridianum
385 3426 576 3513 contingent,
592 3425 649 3490 sed
662 3424 823 3513 aliquanto
837 3423 937 3491 seritis
951 3425 1103 3501 evenient,
1127 3423 1256 3487 omnino
1270 3425 1317 3488 uti
1331 3426 1457 3511 experi-

162 3537 247 3601 entia
259 3550 399 3602 testatur.

205 3654 229 3729 1.
246 3656 298 3712 9ο.
322 3646 406 3711 Haec
422 3658 526 3713 autem
541 3649 710 3715 retardatio
730 3648 862 3735 praecise
876 3650 918 3715 ad
933 3649 1088 3715 calculum
1101 3648 1242 3715 revocari
1255 3668 1321 3712 non
1337 3658 1452 3735 potest,

161 3758 236 3843 quia
256 3783 276 3822 a
296 3773 384 3826 motu
406 3785 496 3848 aquae
518 3764 645 3850 ejusque
665 3763 878 3849 proiimditate
892 3763 1062 3849 plurimum
1077 3760 1223 3848 pendeat,
1240 3760 1347 3845 prouti
1362 3760 1456 3823 etiam

163 3864 306 3929 videmus
321 3868 354 3929 in
369 3868 498 3933 diversis
520 3869 597 3935 locis
612 3890 682 3935 eam
695 3869 898 3936 vehementer
912 3892 980 3936 esse
994 3870 1160 3947 diversam,
1183 3880 1276 3955 atque
1291 3867 1359 3930 aliis
1379 3866 1457 3933 locis
1560 3946 1563 3953 ¹

159 3972 283 4037 fluxum
298 3976 479 4065 contingere
492 3990 566 4063 post
584 3979 686 4044 Lunoe
701 3980 956 4045 culminationem
967 3980 1066 4045 tribus
1080 3979 1166 4043 horis
1177 3978 1320 4042 nondum
1331 3976 1454 4061 elapsis,
1533 4064 1538 4070 Ι

159 4084 229 4147 01110
253 4086 328 4149 verb
353 4087 430 4151 locis
452 4088 525 4173 plus
545 4088 638 4176 quim
661 4091 827 4155 duodecim
850 4091 937 4157 horis
955 4089 1074 4157 tardiris
1096 4090 1212 4167 venire,
1235 4110 1305 4177 quae
1329 4085 1455 4174 quidem

158 4195 291 4282 insignis
314 4197 485 4262 retardatio
507 4198 680 4264 Terrarum
696 4202 844 4287 positioni
863 4214 911 4267 est
938 4199 1161 4277 adscribenda3
1199 4198 1325 4262 interim
1350 4211 1456 4261 tamen

158 4300 234 4366 hine
257 4305 444 4370 sufficienter
468 4320 588 4371 constat
610 4320 732 4372 motum
753 4309 849 4374 meris
875 4308 1047 4372 admodum
1070 4330 1164 4393 posse
1185 4304 1341 4390 impediri
1388 4305 1454 4370 Pro

158 4410 271 4475 eodem
285 4411 361 4475 verb
375 4413 445 4477 loco
461 4413 534 4477 satis
548 4414 722 4479 luculenter
736 4416 935 4501 perspicitur,
952 4414 1015 4503 0οὸ
1029 4416 1130 4501 major
1140 4424 1234 4501 atque
1249 4412 1341 4476 altior
1350 4412 1454 4475 fluxus

158 4523 284 4587 evenire
310 4523 433 4602 debeat,
459 4523 499 4589 eb
522 4524 641 4591 tardirls
666 4526 801 4591 eundem
826 4526 967 4593 accidere
990 4538 1145 4611 oportere.
1200 4520 1296 4600 Qudd
1322 4519 1455 4583 sienim

155 4646 253 4697 aestus
269 4635 430 4723 contingat
443 4636 564 4703 infinite
578 4658 706 4721 parvus,
722 4637 855 4701 dubium
870 4650 918 4703 est
931 4636 1064 4717 nullum,
1085 4637 1162 4724 quin
1176 4636 1202 4703 is
1217 4646 1299 4701 stato
1312 4644 1454 4713 tempore

156 4742 315 4820 adveniet,
333 4741 407 4809 clun
420 4746 651 4830 impedimentis
665 4746 727 4813 hoc
742 4770 818 4813 casu
828 4770 870 4813 ne
885 4748 972 4813 locus
983 4749 1110 4835 quidem
1122 4744 1311 4815 concedatur
1322 4738 1453 4829 agendi:
