<?xml version="1.0" encoding="UTF-8"?>
<!DOCTYPE html PUBLIC "-//W3C//DTD XHTML 1.0 Transitional//EN"
    "http://www.w3.org/TR/xhtml1/DTD/xhtml1-transitional.dtd">
<html xmlns="http://www.w3.org/1999/xhtml" xml:lang="en" lang="en">
 <head>
  <title>
</title>
<meta http-equiv="Content-Type" content="text/html;charset=utf-8" />
  <meta name='ocr-system' content='tesseract 3.04.00' />
  <meta name='ocr-capabilities' content='ocr_page ocr_carea ocr_par ocr_line ocrx_word'/>
</head>
<body>
  <div class='ocr_page' id='page_1' title='image "./philosophinatur05wriggoog_0143.png"; bbox 0 0 3384 5459; ppageno 0'>
   <div class='ocr_carea' id='block_1_1' title="bbox 142 399 1427 485">
    <p class='ocr_par' dir='ltr' id='par_1_1' title="bbox 142 399 1427 485">
     <span class='ocr_line' id='line_1_1' title="bbox 142 399 1427 485; baseline 0.016 -22"><span class='ocrx_word' id='word_1_1' title='bbox 142 399 258 465; x_wconf 78' lang='lat' dir='ltr'>Lmen</span> <span class='ocrx_word' id='word_1_2' title='bbox 273 403 454 485; x_wconf 74' lang='lat' dir='ltr'>Tannus]</span> <span class='ocrx_word' id='word_1_3' title='bbox 499 405 740 473; x_wconf 85' lang='lat' dir='ltr'>PRINCIPIA</span> <span class='ocrx_word' id='word_1_4' title='bbox 763 409 1134 480; x_wconf 81' lang='grc' dir='ltr'><strong>ΜΑΤΗΕΜΑΤΙΟΑ.</strong></span> <span class='ocrx_word' id='word_1_5' title='bbox 1192 429 1196 436; x_wconf 92' lang='grc'><strong>“</strong></span> <span class='ocrx_word' id='word_1_6' title='bbox 1387 427 1427 483; x_wconf 82' lang='lat'>95</span> 
     </span>
    </p>
   </div>
   <div class='ocr_carea' id='block_1_2' title="bbox 131 570 1483 2740">
    <p class='ocr_par' dir='ltr' id='par_1_2' title="bbox 131 570 1483 2740">
     <span class='ocr_line' id='line_1_2' title="bbox 142 570 1429 672; baseline 0.016 -38"><span class='ocrx_word' id='word_1_7' title='bbox 142 570 329 648; x_wconf 78' lang='lat' dir='ltr'>Quinetiam</span> <span class='ocrx_word' id='word_1_8' title='bbox 340 575 366 638; x_wconf 92' lang='lat' dir='ltr'>si</span> <span class='ocrx_word' id='word_1_9' title='bbox 380 576 414 638; x_wconf 93' lang='lat' dir='ltr'>in</span> <span class='ocrx_word' id='word_1_10' title='bbox 424 576 554 660; x_wconf 74' lang='lat' dir='ltr'>praefati</span> <span class='ocrx_word' id='word_1_11' title='bbox 566 578 709 664; x_wconf 89' lang='lat' dir='ltr'>ellipseos</span> <span class='ocrx_word' id='word_1_12' title='bbox 720 581 912 646; x_wconf 85' lang='lat' dir='ltr'>revolutione</span> <span class='ocrx_word' id='word_1_13' title='bbox 926 597 1076 666; x_wconf 89' lang='lat' dir='ltr'>punctum</span> <span class='ocrx_word' id='word_1_14' title='bbox 1088 587 1218 672; x_wconf 82' lang='lat' dir='ltr'>quodvis</span> <span class='ocrx_word' id='word_1_15' title='bbox 1230 587 1263 652; x_wconf 91' lang='lat' dir='ltr'>N</span> <span class='ocrx_word' id='word_1_16' title='bbox 1274 590 1429 655; x_wconf 85' lang='lat' dir='ltr'>describat</span> 
     </span>
     <span class='ocr_line' id='line_1_3' title="bbox 139 681 1431 780; baseline 0.015 -36"><span class='ocrx_word' id='word_1_17' title='bbox 139 681 296 745; x_wconf 89' lang='lat' dir='ltr'>circulum</span> <span class='ocrx_word' id='word_1_18' title='bbox 312 683 344 746; x_wconf 95' lang='lat' dir='ltr'>N</span> <span class='ocrx_word' id='word_1_19' title='bbox 361 685 410 762; x_wconf 90' lang='lat' dir='ltr'>M,</span> <span class='ocrx_word' id='word_1_20' title='bbox 427 699 582 751; x_wconf 83' lang='lat' dir='ltr'>secantem</span> <span class='ocrx_word' id='word_1_21' title='bbox 596 689 761 772; x_wconf 89' lang='lat' dir='ltr'>parallelos</span> <span class='ocrx_word' id='word_1_22' title='bbox 783 691 810 754; x_wconf 88' lang='lat' dir='ltr'><strong>F</strong></span> <span class='ocrx_word' id='word_1_23' title='bbox 824 691 845 767; x_wconf 93' lang='lat' dir='ltr'>f,</span> <span class='ocrx_word' id='word_1_24' title='bbox 863 692 896 756; x_wconf 94' lang='lat' dir='ltr'>D</span> <span class='ocrx_word' id='word_1_25' title='bbox 912 691 934 755; x_wconf 98' lang='lat' dir='ltr'>d</span> <span class='ocrx_word' id='word_1_26' title='bbox 951 693 984 756; x_wconf 89' lang='lat' dir='ltr'>in</span> <span class='ocrx_word' id='word_1_27' title='bbox 998 693 1075 756; x_wconf 87' lang='lat' dir='ltr'>loeis</span> <span class='ocrx_word' id='word_1_28' title='bbox 1090 695 1249 780; x_wconf 79' lang='lat' dir='ltr'><strong>quibusvis</strong></span> <span class='ocrx_word' id='word_1_29' title='bbox 1274 698 1315 776; x_wconf 87' lang='lat' dir='ltr'>R,</span> <span class='ocrx_word' id='word_1_30' title='bbox 1333 699 1374 776; x_wconf 87' lang='lat' dir='ltr'>T,</span> <span class='ocrx_word' id='word_1_31' title='bbox 1397 712 1431 765; x_wconf 91' lang='lat' dir='ltr'>et</span> 
     </span>
     <span class='ocr_line' id='line_1_4' title="bbox 142 797 1426 888; baseline 0.013 -31"><span class='ocrx_word' id='word_1_32' title='bbox 142 807 338 879; x_wconf 67' lang='lat' dir='ltr'>sequentem</span> <span class='ocrx_word' id='word_1_33' title='bbox 353 798 385 860; x_wconf 78' lang='lat' dir='ltr'>A</span> <span class='ocrx_word' id='word_1_34' title='bbox 402 797 431 862; x_wconf 89' lang='grc' dir='ltr'>Ε</span> <span class='ocrx_word' id='word_1_35' title='bbox 445 799 478 860; x_wconf 91' lang='lat' dir='ltr'>in</span> <span class='ocrx_word' id='word_1_36' title='bbox 495 800 536 875; x_wconf 72' lang='grc' dir='ltr'>ὃς</span> <span class='ocrx_word' id='word_1_37' title='bbox 558 800 619 864; x_wconf 89' lang='lat' dir='ltr'>erit</span> <span class='ocrx_word' id='word_1_38' title='bbox 634 801 663 865; x_wconf 92' lang='lat' dir='ltr'>C</span> <span class='ocrx_word' id='word_1_39' title='bbox 678 800 710 864; x_wconf 92' lang='lat' dir='ltr'>N</span> <span class='ocrx_word' id='word_1_40' title='bbox 725 801 857 866; x_wconf 74' lang='lat' dir='ltr'><strong>altitudo</strong></span> <span class='ocrx_word' id='word_1_41' title='bbox 871 804 965 867; x_wconf 84' lang='lat' dir='ltr'>maris</span> <span class='ocrx_word' id='word_1_42' title='bbox 979 803 1012 866; x_wconf 92' lang='lat' dir='ltr'>in</span> <span class='ocrx_word' id='word_1_43' title='bbox 1026 804 1102 868; x_wconf 86' lang='lat' dir='ltr'>locis</span> <span class='ocrx_word' id='word_1_44' title='bbox 1117 807 1262 870; x_wconf 89' lang='lat' dir='ltr'>omnibus</span> <span class='ocrx_word' id='word_1_45' title='bbox 1279 808 1320 884; x_wconf 87' lang='lat' dir='ltr'>R,</span> <span class='ocrx_word' id='word_1_46' title='bbox 1339 811 1371 887; x_wconf 88' lang='lat' dir='ltr'>S,</span> <span class='ocrx_word' id='word_1_47' title='bbox 1386 811 1426 888; x_wconf 90' lang='lat' dir='ltr'>T,</span> 
     </span>
     <span class='ocr_line' id='line_1_5' title="bbox 144 903 1428 998; baseline 0.011 -30"><span class='ocrx_word' id='word_1_48' title='bbox 144 904 215 968; x_wconf 88' lang='lat' dir='ltr'>sitis</span> <span class='ocrx_word' id='word_1_49' title='bbox 229 903 263 966; x_wconf 90' lang='lat' dir='ltr'>in</span> <span class='ocrx_word' id='word_1_50' title='bbox 276 904 338 968; x_wconf 91' lang='lat' dir='ltr'>hoc</span> <span class='ocrx_word' id='word_1_51' title='bbox 353 906 478 971; x_wconf 89' lang='lat' dir='ltr'>circulo.</span> <span class='ocrx_word' id='word_1_52' title='bbox 525 907 614 972; x_wconf 85' lang='lat' dir='ltr'>Hinc</span> <span class='ocrx_word' id='word_1_53' title='bbox 627 908 661 972; x_wconf 91' lang='lat' dir='ltr'>in</span> <span class='ocrx_word' id='word_1_54' title='bbox 674 909 867 974; x_wconf 84' lang='lat' dir='ltr'>revolutione</span> <span class='ocrx_word' id='word_1_55' title='bbox 882 910 993 976; x_wconf 75' lang='lat' dir='ltr'>diurni</span> <span class='ocrx_word' id='word_1_56' title='bbox 1013 911 1074 974; x_wconf 92' lang='lat' dir='ltr'>loci</span> <span class='ocrx_word' id='word_1_57' title='bbox 1089 914 1222 998; x_wconf 86' lang='lat' dir='ltr'>cujusvis</span> <span class='ocrx_word' id='word_1_58' title='bbox 1240 913 1278 992; x_wconf 90' lang='lat' dir='ltr'>F,</span> <span class='ocrx_word' id='word_1_59' title='bbox 1294 915 1428 982; x_wconf 85' lang='lat' dir='ltr'>effluxns</span> 
     </span>
     <span class='ocr_line' id='line_1_6' title="bbox 139 1014 1437 1109; baseline 0.01 -32"><span class='ocrx_word' id='word_1_60' title='bbox 139 1014 202 1077; x_wconf 91' lang='lat' dir='ltr'>erit</span> <span class='ocrx_word' id='word_1_61' title='bbox 214 1015 369 1080; x_wconf 89' lang='lat' dir='ltr'>maximus</span> <span class='ocrx_word' id='word_1_62' title='bbox 383 1016 417 1078; x_wconf 89' lang='lat' dir='ltr'>in</span> <span class='ocrx_word' id='word_1_63' title='bbox 433 1016 470 1094; x_wconf 87' lang='lat' dir='ltr'>F,</span> <span class='ocrx_word' id='word_1_64' title='bbox 485 1016 564 1081; x_wconf 77' lang='lat' dir='ltr'>hori</span> <span class='ocrx_word' id='word_1_65' title='bbox 577 1017 667 1082; x_wconf 73' lang='lat' dir='ltr'>tertii</span> <span class='ocrx_word' id='word_1_66' title='bbox 682 1029 755 1102; x_wconf 90' lang='lat' dir='ltr'>post</span> <span class='ocrx_word' id='word_1_67' title='bbox 764 1018 930 1103; x_wconf 84' lang='lat' dir='ltr'>appulsum</span> <span class='ocrx_word' id='word_1_68' title='bbox 943 1019 1044 1084; x_wconf 85' lang='lat' dir='ltr'>Lunae</span> <span class='ocrx_word' id='word_1_69' title='bbox 1055 1019 1096 1084; x_wconf 87' lang='lat' dir='ltr'>ad</span> <span class='ocrx_word' id='word_1_70' title='bbox 1111 1022 1318 1088; x_wconf 87' lang='lat' dir='ltr'>meridianum</span> <span class='ocrx_word' id='word_1_71' title='bbox 1329 1047 1437 1109; x_wconf 78' lang='lat' dir='ltr'>supra</span> 
     </span>
     <span class='ocr_line' id='line_1_7' title="bbox 138 1123 1426 1215; baseline 0.01 -30"><span class='ocrx_word' id='word_1_72' title='bbox 138 1123 346 1201; x_wconf 79' lang='lat' dir='ltr'>horizontem,</span> <span class='ocrx_word' id='word_1_73' title='bbox 373 1136 483 1209; x_wconf 90' lang='lat' dir='ltr'>postea</span> <span class='ocrx_word' id='word_1_74' title='bbox 510 1125 655 1190; x_wconf 82' lang='lat' dir='ltr'>defluxus</span> <span class='ocrx_word' id='word_1_75' title='bbox 683 1127 838 1191; x_wconf 85' lang='lat' dir='ltr'>maximus</span> <span class='ocrx_word' id='word_1_76' title='bbox 866 1129 901 1194; x_wconf 90' lang='lat' dir='ltr'>iu</span> <span class='ocrx_word' id='word_1_77' title='bbox 927 1127 960 1204; x_wconf 85' lang='lat' dir='ltr'>Q</span> <span class='ocrx_word' id='word_1_78' title='bbox 985 1126 1063 1191; x_wconf 79' lang='lat' dir='ltr'>horti</span> <span class='ocrx_word' id='word_1_79' title='bbox 1085 1128 1175 1193; x_wconf 78' lang='lat' dir='ltr'>tertii</span> <span class='ocrx_word' id='word_1_80' title='bbox 1192 1142 1265 1215; x_wconf 86' lang='lat' dir='ltr'>post</span> <span class='ocrx_word' id='word_1_81' title='bbox 1281 1153 1426 1198; x_wconf 84' lang='lat' dir='ltr'>occasum</span> 
     </span>
     <span class='ocr_line' id='line_1_8' title="bbox 139 1229 1424 1326; baseline 0.01 -33"><span class='ocrx_word' id='word_1_82' title='bbox 139 1229 255 1306; x_wconf 79' lang='lat' dir='ltr'>Lunoe,</span> <span class='ocrx_word' id='word_1_83' title='bbox 278 1230 351 1295; x_wconf 89' lang='lat' dir='ltr'>dein</span> <span class='ocrx_word' id='word_1_84' title='bbox 372 1231 507 1326; x_wconf 87' lang='lat' dir='ltr'>affluxus</span> <span class='ocrx_word' id='word_1_85' title='bbox 528 1234 736 1320; x_wconf 82' lang='lat' dir='ltr'>maximusin</span> <span class='ocrx_word' id='word_1_86' title='bbox 757 1234 775 1297; x_wconf 83' lang='lat' dir='ltr'>f</span> <span class='ocrx_word' id='word_1_87' title='bbox 789 1233 868 1299; x_wconf 78' lang='lat' dir='ltr'>hori</span> <span class='ocrx_word' id='word_1_88' title='bbox 888 1237 978 1300; x_wconf 78' lang='lat' dir='ltr'>tertii</span> <span class='ocrx_word' id='word_1_89' title='bbox 996 1249 1067 1323; x_wconf 89' lang='lat' dir='ltr'>post</span> <span class='ocrx_word' id='word_1_90' title='bbox 1087 1239 1252 1322; x_wconf 86' lang='lat' dir='ltr'>appulsum</span> <span class='ocrx_word' id='word_1_91' title='bbox 1269 1240 1369 1305; x_wconf 79' lang='lat' dir='ltr'>Lunae</span> <span class='ocrx_word' id='word_1_92' title='bbox 1384 1247 1424 1309; x_wconf 80' lang='lat' dir='ltr'>ed</span> 
     </span>
     <span class='ocr_line' id='line_1_9' title="bbox 138 1335 1424 1424; baseline 0.012 -24"><span class='ocrx_word' id='word_1_93' title='bbox 138 1335 348 1402; x_wconf 89' lang='lat' dir='ltr'>meridianum</span> <span class='ocrx_word' id='word_1_94' title='bbox 362 1338 442 1403; x_wconf 80' lang='lat' dir='ltr'>inira</span> <span class='ocrx_word' id='word_1_95' title='bbox 455 1339 668 1416; x_wconf 69' lang='lat' dir='ltr'>horizontem</span> <span class='ocrx_word' id='word_1_96' title='bbox 689 1341 801 1405; x_wconf 89' lang='lat' dir='ltr'>ultimo</span> <span class='ocrx_word' id='word_1_97' title='bbox 815 1342 958 1408; x_wconf 85' lang='lat' dir='ltr'>defluxus</span> <span class='ocrx_word' id='word_1_98' title='bbox 973 1347 1127 1411; x_wconf 83' lang='lat' dir='ltr'>maxirnus</span> <span class='ocrx_word' id='word_1_99' title='bbox 1143 1348 1176 1410; x_wconf 88' lang='lat' dir='ltr'>in</span> <span class='ocrx_word' id='word_1_100' title='bbox 1194 1349 1227 1424; x_wconf 87' lang='lat' dir='ltr'>Q</span> <span class='ocrx_word' id='word_1_101' title='bbox 1240 1349 1317 1414; x_wconf 81' lang='lat' dir='ltr'>hori</span> <span class='ocrx_word' id='word_1_102' title='bbox 1332 1355 1424 1419; x_wconf 72' lang='lat' dir='ltr'>tertii</span> 
     </span>
     <span class='ocr_line' id='line_1_10' title="bbox 137 1448 1424 1544; baseline 0.013 -33"><span class='ocrx_word' id='word_1_103' title='bbox 137 1462 212 1534; x_wconf 86' lang='lat' dir='ltr'>post</span> <span class='ocrx_word' id='word_1_104' title='bbox 237 1448 341 1513; x_wconf 84' lang='lat' dir='ltr'>ortum</span> <span class='ocrx_word' id='word_1_105' title='bbox 359 1450 478 1526; x_wconf 79' lang='lat' dir='ltr'>Lunoe3</span> <span class='ocrx_word' id='word_1_106' title='bbox 500 1463 532 1515; x_wconf 92' lang='lat' dir='ltr'>et</span> <span class='ocrx_word' id='word_1_107' title='bbox 553 1451 686 1516; x_wconf 87' lang='lat' dir='ltr'>affluxus</span> <span class='ocrx_word' id='word_1_108' title='bbox 707 1454 863 1538; x_wconf 82' lang='lat' dir='ltr'>posterior</span> <span class='ocrx_word' id='word_1_109' title='bbox 884 1456 917 1518; x_wconf 94' lang='lat' dir='ltr'>in</span> <span class='ocrx_word' id='word_1_110' title='bbox 938 1455 956 1518; x_wconf 83' lang='lat' dir='ltr'>s</span> <span class='ocrx_word' id='word_1_111' title='bbox 972 1457 1030 1523; x_wconf 90' lang='lat' dir='ltr'>erit</span> <span class='ocrx_word' id='word_1_112' title='bbox 1051 1458 1154 1522; x_wconf 88' lang='lat' dir='ltr'>minor</span> <span class='ocrx_word' id='word_1_113' title='bbox 1176 1458 1269 1544; x_wconf 78' lang='lat' dir='ltr'>quim</span> <span class='ocrx_word' id='word_1_114' title='bbox 1290 1460 1424 1528; x_wconf 85' lang='lat' dir='ltr'>affluxus</span> 
     </span>
     <span class='ocr_line' id='line_1_11' title="bbox 139 1560 1424 1648; baseline 0.009 -24"><span class='ocrx_word' id='word_1_115' title='bbox 139 1563 230 1647; x_wconf 88' lang='lat' dir='ltr'>prior</span> <span class='ocrx_word' id='word_1_116' title='bbox 244 1561 277 1624; x_wconf 90' lang='lat' dir='ltr'>in</span> <span class='ocrx_word' id='word_1_117' title='bbox 294 1561 332 1626; x_wconf 88' lang='lat' dir='ltr'>F.</span> <span class='ocrx_word' id='word_1_118' title='bbox 374 1560 587 1648; x_wconf 85' lang='lat' dir='ltr'>Distinguitur</span> <span class='ocrx_word' id='word_1_119' title='bbox 601 1563 683 1627; x_wconf 88' lang='lat' dir='ltr'>enim</span> <span class='ocrx_word' id='word_1_120' title='bbox 699 1585 784 1628; x_wconf 87' lang='lat' dir='ltr'>mare</span> <span class='ocrx_word' id='word_1_121' title='bbox 799 1576 900 1629; x_wconf 91' lang='lat' dir='ltr'>totum</span> <span class='ocrx_word' id='word_1_122' title='bbox 914 1565 947 1628; x_wconf 92' lang='lat' dir='ltr'>in</span> <span class='ocrx_word' id='word_1_123' title='bbox 962 1566 1041 1631; x_wconf 89' lang='lat' dir='ltr'>dues</span> <span class='ocrx_word' id='word_1_124' title='bbox 1056 1568 1185 1633; x_wconf 89' lang='lat' dir='ltr'>omnino</span> <span class='ocrx_word' id='word_1_125' title='bbox 1198 1569 1311 1635; x_wconf 87' lang='lat' dir='ltr'>fluctus</span> <span class='ocrx_word' id='word_1_126' title='bbox 1325 1571 1424 1636; x_wconf 88' lang='lat' dir='ltr'>hemi-</span> 
     </span>
     <span class='ocr_line' id='line_1_12' title="bbox 140 1668 1422 1762; baseline 0.008 -30"><span class='ocrx_word' id='word_1_127' title='bbox 140 1670 322 1755; x_wconf 78' lang='lat' dir='ltr'>sphaericos,</span> <span class='ocrx_word' id='word_1_128' title='bbox 337 1691 437 1732; x_wconf 89' lang='lat' dir='ltr'>unum</span> <span class='ocrx_word' id='word_1_129' title='bbox 451 1668 672 1754; x_wconf 85' lang='lat' dir='ltr'>hemisphaerio</span> <span class='ocrx_word' id='word_1_130' title='bbox 696 1670 728 1736; x_wconf 90' lang='lat' dir='ltr'>K</span> <span class='ocrx_word' id='word_1_131' title='bbox 745 1671 781 1734; x_wconf 90' lang='lat' dir='ltr'><strong>H</strong></span> <span class='ocrx_word' id='word_1_132' title='bbox 795 1671 818 1734; x_wconf 87' lang='lat' dir='ltr'>k</span> <span class='ocrx_word' id='word_1_133' title='bbox 832 1671 872 1736; x_wconf 84' lang='lat' dir='ltr'>ad</span> <span class='ocrx_word' id='word_1_134' title='bbox 888 1675 1015 1738; x_wconf 87' lang='lat' dir='ltr'>boream</span> <span class='ocrx_word' id='word_1_135' title='bbox 1030 1687 1219 1762; x_wconf 79' lang='lat' dir='ltr'>vergentem,</span> <span class='ocrx_word' id='word_1_136' title='bbox 1243 1678 1375 1742; x_wconf 86' lang='lat' dir='ltr'>alterum</span> <span class='ocrx_word' id='word_1_137' title='bbox 1390 1681 1422 1742; x_wconf 88' lang='lat' dir='ltr'>in</span> 
     </span>
     <span class='ocr_line' id='line_1_13' title="bbox 135 1776 1419 1866; baseline 0.006 -24"><span class='ocrx_word' id='word_1_138' title='bbox 135 1778 359 1863; x_wconf 71' lang='lat' dir='ltr'>hemisphaerio</span> <span class='ocrx_word' id='word_1_139' title='bbox 381 1778 525 1863; x_wconf 87' lang='lat' dir='ltr'>opposito</span> <span class='ocrx_word' id='word_1_140' title='bbox 549 1776 617 1843; x_wconf 88' lang='lat' dir='ltr'>Kb</span> <span class='ocrx_word' id='word_1_141' title='bbox 633 1779 672 1855; x_wconf 87' lang='lat' dir='ltr'>k;</span> <span class='ocrx_word' id='word_1_142' title='bbox 695 1801 773 1865; x_wconf 90' lang='lat' dir='ltr'>quos</span> <span class='ocrx_word' id='word_1_143' title='bbox 795 1780 890 1866; x_wconf 81' lang='lat' dir='ltr'>igitur</span> <span class='ocrx_word' id='word_1_144' title='bbox 910 1782 1039 1846; x_wconf 89' lang='lat' dir='ltr'>fluctum</span> <span class='ocrx_word' id='word_1_145' title='bbox 1061 1783 1218 1848; x_wconf 83' lang='lat' dir='ltr'>borealem</span> <span class='ocrx_word' id='word_1_146' title='bbox 1239 1799 1270 1848; x_wconf 88' lang='lat' dir='ltr'>et</span> <span class='ocrx_word' id='word_1_147' title='bbox 1289 1786 1419 1850; x_wconf 85' lang='lat' dir='ltr'>fluctum</span> 
     </span>
     <span class='ocr_line' id='line_1_14' title="bbox 134 1869 1422 1980; baseline 0.009 -28"><span class='ocrx_word' id='word_1_148' title='bbox 134 1889 305 1953; x_wconf 85' lang='lat' dir='ltr'>australem</span> <span class='ocrx_word' id='word_1_149' title='bbox 319 1890 481 1953; x_wconf 86' lang='lat' dir='ltr'>nominare</span> <span class='ocrx_word' id='word_1_150' title='bbox 496 1887 578 1955; x_wconf 85' lang='lat' dir='ltr'>licet.</span> <span class='ocrx_word' id='word_1_151' title='bbox 625 1889 673 1954; x_wconf 93' lang='lat' dir='ltr'>Hi</span> <span class='ocrx_word' id='word_1_152' title='bbox 686 1869 800 1954; x_wconf 70' lang='lat' dir='ltr'>dacius</span> <span class='ocrx_word' id='word_1_153' title='bbox 815 1913 940 1977; x_wconf 88' lang='lat' dir='ltr'>semper</span> <span class='ocrx_word' id='word_1_154' title='bbox 954 1893 1012 1956; x_wconf 90' lang='lat' dir='ltr'>sibi</span> <span class='ocrx_word' id='word_1_155' title='bbox 1027 1893 1136 1959; x_wconf 74' lang='lat' dir='ltr'>mutuis</span> <span class='ocrx_word' id='word_1_156' title='bbox 1147 1897 1282 1980; x_wconf 89' lang='lat' dir='ltr'>oppositi</span> <span class='ocrx_word' id='word_1_157' title='bbox 1294 1900 1422 1964; x_wconf 88' lang='lat' dir='ltr'>veniunt</span> 
     </span>
     <span class='ocr_line' id='line_1_15' title="bbox 133 1982 1483 2086; baseline 0.007 -25"><span class='ocrx_word' id='word_1_158' title='bbox 133 2021 194 2083; x_wconf 91' lang='lat' dir='ltr'>per</span> <span class='ocrx_word' id='word_1_159' title='bbox 207 1999 291 2064; x_wconf 88' lang='lat' dir='ltr'>vices</span> <span class='ocrx_word' id='word_1_160' title='bbox 305 1998 347 2062; x_wconf 86' lang='lat' dir='ltr'>ad</span> <span class='ocrx_word' id='word_1_161' title='bbox 361 1997 549 2062; x_wconf 85' lang='lat' dir='ltr'>meridianos</span> <span class='ocrx_word' id='word_1_162' title='bbox 563 1998 705 2062; x_wconf 88' lang='lat' dir='ltr'>locorum</span> <span class='ocrx_word' id='word_1_163' title='bbox 727 1999 931 2086; x_wconf 83' lang='lat' dir='ltr'>singulorum,</span> <span class='ocrx_word' id='word_1_164' title='bbox 953 2001 1135 2086; x_wconf 89' lang='lat' dir='ltr'>interposito</span> <span class='ocrx_word' id='word_1_165' title='bbox 1149 1982 1312 2069; x_wconf 83' lang='lat' dir='ltr'>intervallo</span> <span class='ocrx_word' id='word_1_166' title='bbox 1327 2006 1421 2073; x_wconf 85' lang='lat' dir='ltr'>hora·</span> <span class='ocrx_word' id='word_1_167' title='bbox 1476 2001 1483 2019; x_wconf 87' lang='lat'>&#39;</span> 
     </span>
     <span class='ocr_line' id='line_1_16' title="bbox 133 2104 1423 2200; baseline 0.009 -30"><span class='ocrx_word' id='word_1_168' title='bbox 133 2129 207 2171; x_wconf 89' lang='lat' dir='ltr'>rum</span> <span class='ocrx_word' id='word_1_169' title='bbox 227 2105 384 2170; x_wconf 84' lang='lat' dir='ltr'>lunarium</span> <span class='ocrx_word' id='word_1_170' title='bbox 405 2104 581 2170; x_wconf 86' lang='lat' dir='ltr'>duodecim.</span> <span class='ocrx_word' id='word_1_171' title='bbox 628 2105 771 2192; x_wconf 85' lang='lat' dir='ltr'>Ctimque</span> <span class='ocrx_word' id='word_1_172' title='bbox 792 2108 936 2194; x_wconf 78' lang='lat' dir='ltr'>regiones</span> <span class='ocrx_word' id='word_1_173' title='bbox 957 2109 1097 2175; x_wconf 85' lang='lat' dir='ltr'>boreales</span> <span class='ocrx_word' id='word_1_174' title='bbox 1117 2113 1216 2199; x_wconf 77' lang='lat' dir='ltr'>magis</span> <span class='ocrx_word' id='word_1_175' title='bbox 1235 2116 1423 2200; x_wconf 85' lang='lat' dir='ltr'>participant</span> 
     </span>
     <span class='ocr_line' id='line_1_17' title="bbox 132 2211 1421 2302; baseline 0.009 -24"><span class='ocrx_word' id='word_1_176' title='bbox 132 2215 267 2278; x_wconf 87' lang='lat' dir='ltr'>fluctum</span> <span class='ocrx_word' id='word_1_177' title='bbox 281 2211 449 2290; x_wconf 80' lang='lat' dir='ltr'>borealem,</span> <span class='ocrx_word' id='word_1_178' title='bbox 466 2225 497 2277; x_wconf 90' lang='lat' dir='ltr'>et</span> <span class='ocrx_word' id='word_1_179' title='bbox 511 2213 660 2278; x_wconf 78' lang='lat' dir='ltr'>australes</span> <span class='ocrx_word' id='word_1_180' title='bbox 674 2215 775 2302; x_wconf 80' lang='lat' dir='ltr'>magis</span> <span class='ocrx_word' id='word_1_181' title='bbox 788 2217 966 2294; x_wconf 88' lang='lat' dir='ltr'>australem,</span> <span class='ocrx_word' id='word_1_182' title='bbox 983 2219 1056 2292; x_wconf 88' lang='lat' dir='ltr'>inde</span> <span class='ocrx_word' id='word_1_183' title='bbox 1067 2222 1209 2286; x_wconf 90' lang='lat' dir='ltr'>oriuntur</span> <span class='ocrx_word' id='word_1_184' title='bbox 1224 2237 1318 2292; x_wconf 83' lang='lat' dir='ltr'>aestus</span> <span class='ocrx_word' id='word_1_185' title='bbox 1330 2225 1421 2292; x_wconf 84' lang='lat' dir='ltr'>alter·-</span> 
     </span>
     <span class='ocr_line' id='line_1_18' title="bbox 132 2325 1422 2420; baseline -0.002 -31"><span class='ocrx_word' id='word_1_186' title='bbox 132 2327 185 2390; x_wconf 90' lang='lat' dir='ltr'>nis</span> <span class='ocrx_word' id='word_1_187' title='bbox 199 2325 319 2388; x_wconf 86' lang='lat' dir='ltr'>vicibus</span> <span class='ocrx_word' id='word_1_188' title='bbox 333 2325 465 2409; x_wconf 87' lang='lat' dir='ltr'>majores</span> <span class='ocrx_word' id='word_1_189' title='bbox 479 2338 511 2387; x_wconf 93' lang='lat' dir='ltr'>et</span> <span class='ocrx_word' id='word_1_190' title='bbox 524 2325 671 2403; x_wconf 90' lang='lat' dir='ltr'>minores,</span> <span class='ocrx_word' id='word_1_191' title='bbox 694 2326 728 2388; x_wconf 90' lang='lat' dir='ltr'>in</span> <span class='ocrx_word' id='word_1_192' title='bbox 742 2325 818 2389; x_wconf 90' lang='lat' dir='ltr'>locis</span> <span class='ocrx_word' id='word_1_193' title='bbox 833 2327 963 2414; x_wconf 81' lang='lat' dir='ltr'>singulis</span> <span class='ocrx_word' id='word_1_194' title='bbox 978 2341 1068 2397; x_wconf 88' lang='lat' dir='ltr'>extra</span> <span class='ocrx_word' id='word_1_195' title='bbox 1082 2345 1282 2416; x_wconf 87' lang='lat' dir='ltr'>aequatorem,</span> <span class='ocrx_word' id='word_1_196' title='bbox 1305 2336 1338 2399; x_wconf 88' lang='lat' dir='ltr'>in</span> <span class='ocrx_word' id='word_1_197' title='bbox 1353 2338 1422 2420; x_wconf 69' lang='lat' dir='ltr'>qui.</span> 
     </span>
     <span class='ocr_line' id='line_1_19' title="bbox 131 2435 1421 2525; baseline 0.003 -22"><span class='ocrx_word' id='word_1_198' title='bbox 131 2441 194 2503; x_wconf 88' lang='lat' dir='ltr'>bns</span> <span class='ocrx_word' id='word_1_199' title='bbox 215 2436 381 2501; x_wconf 83' lang='lat' dir='ltr'>luminaria</span> <span class='ocrx_word' id='word_1_200' title='bbox 394 2436 539 2499; x_wconf 90' lang='lat' dir='ltr'>oriuntur</span> <span class='ocrx_word' id='word_1_201' title='bbox 552 2449 585 2498; x_wconf 93' lang='lat' dir='ltr'>et</span> <span class='ocrx_word' id='word_1_202' title='bbox 598 2435 754 2500; x_wconf 91' lang='lat' dir='ltr'>occidunt,</span> <span class='ocrx_word' id='word_1_203' title='bbox 800 2435 914 2500; x_wconf 89' lang='lat' dir='ltr'>AEstus</span> <span class='ocrx_word' id='word_1_204' title='bbox 930 2451 1034 2502; x_wconf 88' lang='lat' dir='ltr'>autem</span> <span class='ocrx_word' id='word_1_205' title='bbox 1049 2441 1156 2525; x_wconf 89' lang='lat' dir='ltr'>major,</span> <span class='ocrx_word' id='word_1_206' title='bbox 1174 2441 1265 2506; x_wconf 78' lang='lat' dir='ltr'>Luni</span> <span class='ocrx_word' id='word_1_207' title='bbox 1281 2443 1314 2505; x_wconf 95' lang='lat' dir='ltr'>in</span> <span class='ocrx_word' id='word_1_208' title='bbox 1328 2445 1421 2507; x_wconf 84' lang='lat' dir='ltr'>verti-</span> 
     </span>
     <span class='ocr_line' id='line_1_20' title="bbox 132 2542 1421 2633; baseline 0.002 -21"><span class='ocrx_word' id='word_1_209' title='bbox 132 2571 203 2612; x_wconf 87' lang='lat' dir='ltr'>cem</span> <span class='ocrx_word' id='word_1_210' title='bbox 218 2547 280 2610; x_wconf 93' lang='lat' dir='ltr'>loci</span> <span class='ocrx_word' id='word_1_211' title='bbox 294 2544 480 2621; x_wconf 81' lang='lat' dir='ltr'>declinante,</span> <span class='ocrx_word' id='word_1_212' title='bbox 495 2543 612 2609; x_wconf 89' lang='lat' dir='ltr'>incidet</span> <span class='ocrx_word' id='word_1_213' title='bbox 626 2545 659 2606; x_wconf 92' lang='lat' dir='ltr'>in</span> <span class='ocrx_word' id='word_1_214' title='bbox 674 2542 784 2608; x_wconf 89' lang='lat' dir='ltr'>horam</span> <span class='ocrx_word' id='word_1_215' title='bbox 796 2545 918 2608; x_wconf 85' lang='lat' dir='ltr'>circiter</span> <span class='ocrx_word' id='word_1_216' title='bbox 929 2545 1050 2608; x_wconf 89' lang='lat' dir='ltr'>tertiam</span> <span class='ocrx_word' id='word_1_217' title='bbox 1060 2543 1421 2633; x_wconf 84' lang='lat' dir='ltr'>postappulsum&#39;Lunoe</span> 
     </span>
     <span class='ocr_line' id='line_1_21' title="bbox 132 2653 1420 2740; baseline 0.004 -19"><span class='ocrx_word' id='word_1_218' title='bbox 132 2658 177 2722; x_wconf 87' lang='lat' dir='ltr'>ad</span> <span class='ocrx_word' id='word_1_219' title='bbox 191 2656 399 2721; x_wconf 87' lang='lat' dir='ltr'>meridianum</span> <span class='ocrx_word' id='word_1_220' title='bbox 413 2677 508 2740; x_wconf 84' lang='lat' dir='ltr'>supra</span> <span class='ocrx_word' id='word_1_221' title='bbox 521 2655 725 2732; x_wconf 82' lang='lat' dir='ltr'>horizontem,</span> <span class='ocrx_word' id='word_1_222' title='bbox 738 2669 769 2721; x_wconf 89' lang='lat' dir='ltr'>et</span> <span class='ocrx_word' id='word_1_223' title='bbox 781 2655 872 2722; x_wconf 78' lang='lat' dir='ltr'>Lunai</span> <span class='ocrx_word' id='word_1_224' title='bbox 884 2653 1122 2722; x_wconf 84' lang='lat' dir='ltr'>declinationem</span> <span class='ocrx_word' id='word_1_225' title='bbox 1134 2672 1272 2727; x_wconf 84' lang='lat' dir='ltr'>mutante</span> <span class='ocrx_word' id='word_1_226' title='bbox 1284 2675 1420 2726; x_wconf 87' lang='lat' dir='ltr'>vertetur</span> 
     </span>
    </p>
   </div>
   <div class='ocr_carea' id='block_1_3' title="bbox 131 2839 1421 3222">
    <p class='ocr_par' dir='ltr' id='par_1_3' title="bbox 131 2839 1420 3112">
     <span class='ocr_line' id='line_1_22' title="bbox 132 2839 1420 2911; baseline 0.002 -22"><span class='ocrx_word' id='word_1_227' title='bbox 132 2843 168 2897; x_wconf 78' lang='lat' dir='ltr'>A,</span> <span class='ocrx_word' id='word_1_228' title='bbox 180 2841 218 2889; x_wconf 83' lang='lat' dir='ltr'>rel</span> <span class='ocrx_word' id='word_1_229' title='bbox 229 2842 259 2900; x_wconf 82' lang='lat' dir='ltr'>C,</span> <span class='ocrx_word' id='word_1_230' title='bbox 271 2851 295 2890; x_wconf 85' lang='lat' dir='ltr'>st</span> <span class='ocrx_word' id='word_1_231' title='bbox 306 2843 330 2892; x_wconf 89' lang='lat' dir='ltr'>B</span> <span class='ocrx_word' id='word_1_232' title='bbox 338 2842 375 2890; x_wconf 74' lang='lat' dir='ltr'>nt</span> <span class='ocrx_word' id='word_1_233' title='bbox 387 2844 421 2901; x_wconf 91' lang='lat' dir='ltr'>D,</span> <span class='ocrx_word' id='word_1_234' title='bbox 432 2841 575 2892; x_wconf 77' lang='lat' dir='ltr'>intermediis</span> <span class='ocrx_word' id='word_1_235' title='bbox 584 2839 652 2890; x_wconf 80' lang='lat' dir='ltr'>fluidi</span> <span class='ocrx_word' id='word_1_236' title='bbox 661 2839 761 2902; x_wconf 75' lang='lat' dir='ltr'>partim·</span> <span class='ocrx_word' id='word_1_237' title='bbox 793 2840 826 2888; x_wconf 85' lang='lat' dir='ltr'>ris</span> <span class='ocrx_word' id='word_1_238' title='bbox 839 2856 889 2890; x_wconf 84' lang='lat' dir='ltr'>sese</span> <span class='ocrx_word' id='word_1_239' title='bbox 904 2851 1028 2902; x_wconf 85' lang='lat' dir='ltr'>componet</span> <span class='ocrx_word' id='word_1_240' title='bbox 1043 2841 1068 2890; x_wconf 89' lang='lat' dir='ltr'>in</span> <span class='ocrx_word' id='word_1_241' title='bbox 1080 2839 1178 2906; x_wconf 75' lang='lat' dir='ltr'>ligurem</span> <span class='ocrx_word' id='word_1_242' title='bbox 1189 2843 1340 2903; x_wconf 71' lang='lat' dir='ltr'>sunamidem</span> <span class='ocrx_word' id='word_1_243' title='bbox 1352 2845 1420 2911; x_wconf 85' lang='lat' dir='ltr'>cujus</span> 
     </span>
     <span class='ocr_line' id='line_1_23' title="bbox 131 2905 1419 2968; baseline 0.001 -14"><span class='ocrx_word' id='word_1_244' title='bbox 131 2905 164 2954; x_wconf 72' lang='lat' dir='ltr'>lae</span> <span class='ocrx_word' id='word_1_245' title='bbox 176 2915 298 2968; x_wconf 79' lang='lat' dir='ltr'>utrmque</span> <span class='ocrx_word' id='word_1_246' title='bbox 308 2906 465 2955; x_wconf 85' lang='lat' dir='ltr'>conditionem</span> <span class='ocrx_word' id='word_1_247' title='bbox 475 2905 611 2967; x_wconf 75' lang='lat' dir='ltr'>participant</span> <span class='ocrx_word' id='word_1_248' title='bbox 619 2923 627 2964; x_wconf 88' lang='lat'>;</span> <span class='ocrx_word' id='word_1_249' title='bbox 644 2921 692 2968; x_wconf 86' lang='lat' dir='ltr'>quo</span> <span class='ocrx_word' id='word_1_250' title='bbox 707 2906 762 2952; x_wconf 86' lang='lat' dir='ltr'>rici·</span> <span class='ocrx_word' id='word_1_251' title='bbox 795 2905 845 2952; x_wconf 81' lang='lat' dir='ltr'>uis</span> <span class='ocrx_word' id='word_1_252' title='bbox 863 2915 897 2952; x_wconf 84' lang='lat' dir='ltr'>est</span> <span class='ocrx_word' id='word_1_253' title='bbox 913 2915 975 2953; x_wconf 78' lang='lat' dir='ltr'>recta</span> <span class='ocrx_word' id='word_1_254' title='bbox 993 2907 1015 2953; x_wconf 78' lang='lat' dir='ltr'>A</span> <span class='ocrx_word' id='word_1_255' title='bbox 1029 2906 1057 2964; x_wconf 89' lang='lat' dir='ltr'>C,</span> <span class='ocrx_word' id='word_1_256' title='bbox 1074 2922 1127 2968; x_wconf 76' lang='lat' dir='ltr'>qua</span> <span class='ocrx_word' id='word_1_257' title='bbox 1143 2907 1255 2968; x_wconf 83' lang='lat' dir='ltr'>producta</span> <span class='ocrx_word' id='word_1_258' title='bbox 1268 2922 1310 2968; x_wconf 87' lang='lat' dir='ltr'>per</span> <span class='ocrx_word' id='word_1_259' title='bbox 1325 2908 1419 2955; x_wconf 83' lang='lat' dir='ltr'>Lunam</span> 
     </span>
     <span class='ocr_line' id='line_1_24' title="bbox 131 2967 1420 3032; baseline -0.002 -15"><span class='ocrx_word' id='word_1_260' title='bbox 131 2971 211 3017; x_wconf 84' lang='lat' dir='ltr'>niores</span> <span class='ocrx_word' id='word_1_261' title='bbox 219 2969 347 3021; x_wconf 83' lang='lat' dir='ltr'>suntlluidi</span> <span class='ocrx_word' id='word_1_262' title='bbox 357 2971 470 3019; x_wconf 64' lang='lat' dir='ltr'>terranis</span> <span class='ocrx_word' id='word_1_263' title='bbox 479 2982 557 3031; x_wconf 83' lang='lat' dir='ltr'>putes</span> <span class='ocrx_word' id='word_1_264' title='bbox 566 2967 659 3029; x_wconf 75' lang='lat' dir='ltr'>punctis</span> <span class='ocrx_word' id='word_1_265' title='bbox 667 2969 689 3016; x_wconf 84' lang='lat' dir='ltr'>C</span> <span class='ocrx_word' id='word_1_266' title='bbox 697 2979 722 3017; x_wconf 85' lang='lat' dir='ltr'>et</span> <span class='ocrx_word' id='word_1_267' title='bbox 730 2971 763 3026; x_wconf 83' lang='lat' dir='ltr'>A,</span> <span class='ocrx_word' id='word_1_268' title='bbox 794 2967 906 3016; x_wconf 77' lang='lat' dir='ltr'>transibit.</span> <span class='ocrx_word' id='word_1_269' title='bbox 937 2969 1003 3016; x_wconf 89' lang='lat' dir='ltr'>Hinc</span> <span class='ocrx_word' id='word_1_270' title='bbox 1013 2979 1076 3030; x_wconf 78' lang='lat' dir='ltr'>petet</span> <span class='ocrx_word' id='word_1_271' title='bbox 1087 2969 1101 3016; x_wconf 83' lang='lat' dir='ltr'>t</span> <span class='ocrx_word' id='word_1_272' title='bbox 1136 2985 1185 3018; x_wconf 85' lang='lat' dir='ltr'>ram</span> <span class='ocrx_word' id='word_1_273' title='bbox 1195 2971 1265 3018; x_wconf 80' lang='lat' dir='ltr'>maris</span> <span class='ocrx_word' id='word_1_274' title='bbox 1276 2971 1300 3017; x_wconf 91' lang='lat' dir='ltr'>in</span> <span class='ocrx_word' id='word_1_275' title='bbox 1311 2973 1420 3032; x_wconf 78' lang='lat' dir='ltr'>spueret.</span> 
     </span>
     <span class='ocr_line' id='line_1_25' title="bbox 131 3031 1189 3112; baseline 0.002 -31"><span class='ocrx_word' id='word_1_276' title='bbox 131 3032 164 3081; x_wconf 80' lang='lat' dir='ltr'>eti</span> <span class='ocrx_word' id='word_1_277' title='bbox 186 3031 267 3107; x_wconf 77' lang='lat' dir='ltr'>minus</span> <span class='ocrx_word' id='word_1_278' title='bbox 289 3050 381 3109; x_wconf 45' lang='lat' dir='ltr'>gaves·</span> <span class='ocrx_word' id='word_1_279' title='bbox 391 3044 454 3112; x_wconf 75' lang='lat' dir='ltr'>nint,</span> <span class='ocrx_word' id='word_1_280' title='bbox 763 3034 766 3045; x_wconf 92' lang='lat'>&#39;</span> <span class='ocrx_word' id='word_1_281' title='bbox 794 3031 849 3080; x_wconf 80' lang='lat' dir='ltr'>dem</span> <span class='ocrx_word' id='word_1_282' title='bbox 859 3032 984 3098; x_wconf 74' lang='lat' dir='ltr'>oblongam</span> <span class='ocrx_word' id='word_1_283' title='bbox 994 3033 1088 3082; x_wconf 77' lang='lat' dir='ltr'>fermari</span> <span class='ocrx_word' id='word_1_284' title='bbox 1116 3037 1189 3084; x_wconf 79' lang='lat' dir='ltr'>abere.</span> 
     </span>
    </p>

    <p class='ocr_par' dir='ltr' id='par_1_4' title="bbox 131 3097 1421 3222">
     <span class='ocr_line' id='line_1_26' title="bbox 131 3097 1421 3222; baseline 0 -14"><span class='ocrx_word' id='word_1_285' title='bbox 131 3107 264 3217; x_wconf 48' lang='lat' dir='ltr'>:tsmGoettTe</span> <span class='ocrx_word' id='word_1_286' title='bbox 274 3097 352 3208; x_wconf 48' lang='lat' dir='ltr'>13ae</span> <span class='ocrx_word' id='word_1_287' title='bbox 357 3097 456 3222; x_wconf 46' lang='lat' dir='ltr'>debitrix</span> <span class='ocrx_word' id='word_1_288' title='bbox 718 3209 723 3216; x_wconf 73' lang='grc'>,</span> <span class='ocrx_word' id='word_1_289' title='bbox 829 3163 882 3208; x_wconf 85' lang='grc'><strong>107.</strong></span> <span class='ocrx_word' id='word_1_290' title='bbox 899 3159 974 3207; x_wconf 85' lang='lat' dir='ltr'>Simili</span> <span class='ocrx_word' id='word_1_291' title='bbox 985 3169 1123 3222; x_wconf 72' lang='lat' dir='ltr'>argumento</span> <span class='ocrx_word' id='word_1_292' title='bbox 1133 3170 1195 3222; x_wconf 81' lang='lat' dir='ltr'>patet</span> <span class='ocrx_word' id='word_1_293' title='bbox 1206 3161 1348 3210; x_wconf 75' lang='lat' dir='ltr'>considerati</span> <span class='ocrx_word' id='word_1_294' title='bbox 1361 3163 1421 3209; x_wconf 82' lang='lat' dir='ltr'>Solis</span> 
     </span>
    </p>
   </div>
   <div class='ocr_carea' id='block_1_4' title="bbox 131 3223 461 4558">
    <p class='ocr_par' dir='ltr' id='par_1_5' title="bbox 131 3223 461 4558">
     <span class='ocr_line' id='line_1_27' title="bbox 132 3223 455 3286; baseline 0.009 -17"><span class='ocrx_word' id='word_1_295' title='bbox 132 3223 254 3286; x_wconf 72' lang='lat' dir='ltr'>gravitatis</span> <span class='ocrx_word' id='word_1_296' title='bbox 272 3240 352 3272; x_wconf 80' lang='lat' dir='ltr'>versus</span> <span class='ocrx_word' id='word_1_297' title='bbox 371 3225 394 3272; x_wconf 89' lang='lat' dir='ltr'>T</span> <span class='ocrx_word' id='word_1_298' title='bbox 410 3225 455 3272; x_wconf 87' lang='lat' dir='ltr'>uri-</span> 
     </span>
     <span class='ocr_line' id='line_1_28' title="bbox 132 3290 456 3362; baseline 0.006 -28"><span class='ocrx_word' id='word_1_299' title='bbox 132 3290 195 3340; x_wconf 86' lang='lat' dir='ltr'>nuit,</span> <span class='ocrx_word' id='word_1_300' title='bbox 219 3298 244 3334; x_wconf 87' lang='lat' dir='ltr'>et</span> <span class='ocrx_word' id='word_1_301' title='bbox 264 3303 312 3362; x_wconf 65' lang='lat' dir='ltr'>que</span> <span class='ocrx_word' id='word_1_302' title='bbox 339 3291 456 3348; x_wconf 80' lang='lat' dir='ltr'>propiores</span> 
     </span>
     <span class='ocr_line' id='line_1_29' title="bbox 132 3350 457 3409; baseline 0.006 -11"><span class='ocrx_word' id='word_1_303' title='bbox 132 3362 293 3409; x_wconf 73' lang='lat' dir='ltr'>marpessas</span> <span class='ocrx_word' id='word_1_304' title='bbox 310 3352 366 3400; x_wconf 85' lang='lat' dir='ltr'>Bet</span> <span class='ocrx_word' id='word_1_305' title='bbox 378 3352 411 3409; x_wconf 92' lang='lat' dir='ltr'>D,</span> <span class='ocrx_word' id='word_1_306' title='bbox 427 3350 457 3400; x_wconf 75' lang='lat' dir='ltr'>eo</span> 
     </span>
     <span class='ocr_line' id='line_1_30' title="bbox 131 3415 457 3478; baseline 0 -16"><span class='ocrx_word' id='word_1_307' title='bbox 131 3415 251 3478; x_wconf 71' lang='lat' dir='ltr'>graviores</span> <span class='ocrx_word' id='word_1_308' title='bbox 278 3415 347 3467; x_wconf 76' lang='lat' dir='ltr'>liunt</span> <span class='ocrx_word' id='word_1_309' title='bbox 374 3415 457 3463; x_wconf 81' lang='lat' dir='ltr'>eadem</span> 
     </span>
     <span class='ocr_line' id='line_1_31' title="bbox 133 3477 457 3526; baseline 0 0"><span class='ocrx_word' id='word_1_310' title='bbox 133 3480 197 3526; x_wconf 85' lang='lat' dir='ltr'>enirn</span> <span class='ocrx_word' id='word_1_311' title='bbox 219 3479 280 3525; x_wconf 78' lang='lat' dir='ltr'>aetio</span> <span class='ocrx_word' id='word_1_312' title='bbox 301 3479 389 3526; x_wconf 76' lang='lat' dir='ltr'>lunaris</span> <span class='ocrx_word' id='word_1_313' title='bbox 409 3477 457 3526; x_wconf 71' lang='lat' dir='ltr'>sivi</span> 
     </span>
     <span class='ocr_line' id='line_1_32' title="bbox 133 3541 457 3605; baseline 0.003 -16"><span class='ocrx_word' id='word_1_314' title='bbox 133 3544 169 3589; x_wconf 77' lang='lat' dir='ltr'>vis</span> <span class='ocrx_word' id='word_1_315' title='bbox 187 3552 215 3592; x_wconf 85' lang='lat' dir='ltr'>ut</span> <span class='ocrx_word' id='word_1_316' title='bbox 233 3541 256 3589; x_wconf 76' lang='grc' dir='ltr'>Ρ</span> <span class='ocrx_word' id='word_1_317' title='bbox 270 3543 300 3595; x_wconf 87' lang='lat' dir='ltr'>G,</span> <span class='ocrx_word' id='word_1_318' title='bbox 319 3544 457 3605; x_wconf 66' lang='lat' dir='ltr'>gavisam</span> 
     </span>
     <span class='ocr_line' id='line_1_33' title="bbox 132 3606 457 3669; baseline 0 -17"><span class='ocrx_word' id='word_1_319' title='bbox 132 3606 251 3666; x_wconf 73' lang='lat' dir='ltr'>propriam</span> <span class='ocrx_word' id='word_1_320' title='bbox 269 3617 348 3669; x_wconf 75' lang='lat' dir='ltr'>suget.</span> <span class='ocrx_word' id='word_1_321' title='bbox 393 3607 457 3662; x_wconf 84' lang='lat' dir='ltr'>Quis</span> 
     </span>
     <span class='ocr_line' id='line_1_34' title="bbox 132 3667 457 3794; baseline 0 -14"><span class='ocrx_word' id='word_1_322' title='bbox 132 3667 457 3794; x_wconf 62' lang='lat' dir='ltr'>crescam</span> 
     </span>
     <span class='ocr_line' id='line_1_35' title="bbox 133 3795 457 3858; baseline 0.003 -16"><span class='ocrx_word' id='word_1_323' title='bbox 133 3795 206 3858; x_wconf 69' lang='lat' dir='ltr'>diecti</span> <span class='ocrx_word' id='word_1_324' title='bbox 219 3805 342 3857; x_wconf 81' lang='lat' dir='ltr'>coopertus</span> <span class='ocrx_word' id='word_1_325' title='bbox 355 3797 457 3858; x_wconf 88' lang='lat' dir='ltr'>ponitur,</span> 
     </span>
     <span class='ocr_line' id='line_1_36' title="bbox 133 3859 457 3921; baseline 0.006 -15"><span class='ocrx_word' id='word_1_326' title='bbox 133 3859 202 3906; x_wconf 85' lang='lat' dir='ltr'>fluidi</span> <span class='ocrx_word' id='word_1_327' title='bbox 223 3870 304 3907; x_wconf 82' lang='lat' dir='ltr'>sutem</span> <span class='ocrx_word' id='word_1_328' title='bbox 323 3871 399 3921; x_wconf 72' lang='lat' dir='ltr'>parms</span> <span class='ocrx_word' id='word_1_329' title='bbox 419 3876 457 3908; x_wconf 86' lang='lat' dir='ltr'>ee-</span> 
     </span>
     <span class='ocr_line' id='line_1_37' title="bbox 132 3922 456 3986; baseline -0.003 -15"><span class='ocrx_word' id='word_1_330' title='bbox 132 3924 195 3971; x_wconf 90' lang='lat' dir='ltr'>dunt</span> <span class='ocrx_word' id='word_1_331' title='bbox 208 3922 231 3970; x_wconf 85' lang='lat' dir='ltr'>ri</span> <span class='ocrx_word' id='word_1_332' title='bbox 248 3925 390 3986; x_wconf 77' lang='lat' dir='ltr'>cuicumque</span> <span class='ocrx_word' id='word_1_333' title='bbox 405 3925 456 3972; x_wconf 85' lang='lat' dir='ltr'>ills·</span> 
     </span>
     <span class='ocr_line' id='line_1_38' title="bbox 132 3987 458 4038; baseline -0.003 -2"><span class='ocrx_word' id='word_1_334' title='bbox 132 3997 164 4036; x_wconf 67' lang='lat' dir='ltr'>ta</span> <span class='ocrx_word' id='word_1_335' title='bbox 177 3997 202 4038; x_wconf 77' lang='lat' dir='ltr'>et</span> <span class='ocrx_word' id='word_1_336' title='bbox 215 3987 320 4036; x_wconf 81' lang='lat' dir='ltr'>cedendo</span> <span class='ocrx_word' id='word_1_337' title='bbox 329 3987 397 4036; x_wconf 72' lang='lat' dir='ltr'>facili</span> <span class='ocrx_word' id='word_1_338' title='bbox 407 4003 458 4035; x_wconf 87' lang='lat' dir='ltr'>rno-</span> 
     </span>
     <span class='ocr_line' id='line_1_39' title="bbox 132 4050 458 4105; baseline 0 -7"><span class='ocrx_word' id='word_1_339' title='bbox 132 4061 219 4098; x_wconf 82' lang='lat' dir='ltr'>rantur</span> <span class='ocrx_word' id='word_1_340' title='bbox 237 4050 298 4097; x_wconf 83' lang='lat' dir='ltr'>inter</span> <span class='ocrx_word' id='word_1_341' title='bbox 311 4067 343 4105; x_wconf 83' lang='lat' dir='ltr'>se,</span> <span class='ocrx_word' id='word_1_342' title='bbox 359 4051 458 4099; x_wconf 87' lang='lat' dir='ltr'>fluidum</span> 
     </span>
     <span class='ocr_line' id='line_1_40' title="bbox 132 4113 456 4175; baseline 0.003 -13"><span class='ocrx_word' id='word_1_343' title='bbox 132 4113 194 4162; x_wconf 87' lang='lat' dir='ltr'>illud</span> <span class='ocrx_word' id='word_1_344' title='bbox 208 4129 288 4160; x_wconf 77' lang='lat' dir='ltr'>versus</span> <span class='ocrx_word' id='word_1_345' title='bbox 305 4116 329 4162; x_wconf 83' lang='grc' dir='ltr'><strong>Δ</strong></span> <span class='ocrx_word' id='word_1_346' title='bbox 341 4124 365 4162; x_wconf 84' lang='lat' dir='ltr'>et</span> <span class='ocrx_word' id='word_1_347' title='bbox 377 4117 397 4163; x_wconf 87' lang='lat' dir='ltr'>C</span> <span class='ocrx_word' id='word_1_348' title='bbox 414 4131 456 4175; x_wconf 87' lang='lat' dir='ltr'>po·</span> 
     </span>
     <span class='ocr_line' id='line_1_41' title="bbox 132 4177 456 4226; baseline 0 -1"><span class='ocrx_word' id='word_1_349' title='bbox 132 4179 205 4226; x_wconf 84' lang='lat' dir='ltr'>situm</span> <span class='ocrx_word' id='word_1_350' title='bbox 220 4193 236 4225; x_wconf 79' lang='grc' dir='ltr'>ι</span> <span class='ocrx_word' id='word_1_351' title='bbox 252 4177 326 4225; x_wconf 88' lang='lat' dir='ltr'>llnido</span> <span class='ocrx_word' id='word_1_352' title='bbox 342 4179 456 4226; x_wconf 83' lang='lat' dir='ltr'>versusB</span> 
     </span>
     <span class='ocr_line' id='line_1_42' title="bbox 132 4241 459 4302; baseline -0.003 -13"><span class='ocrx_word' id='word_1_353' title='bbox 132 4253 158 4289; x_wconf 82' lang='lat' dir='ltr'>et</span> <span class='ocrx_word' id='word_1_354' title='bbox 176 4243 209 4295; x_wconf 88' lang='lat' dir='ltr'>D.</span> <span class='ocrx_word' id='word_1_355' title='bbox 226 4241 303 4302; x_wconf 78' lang='lat' dir='ltr'>posito</span> <span class='ocrx_word' id='word_1_356' title='bbox 319 4243 459 4302; x_wconf 78' lang='lat' dir='ltr'>expelletur,</span> 
     </span>
     <span class='ocr_line' id='line_1_43' title="bbox 134 4304 459 4370; baseline -0.003 -17"><span class='ocrx_word' id='word_1_357' title='bbox 134 4306 211 4354; x_wconf 79' lang='lat' dir='ltr'>levius</span> <span class='ocrx_word' id='word_1_358' title='bbox 221 4304 311 4353; x_wconf 85' lang='lat' dir='ltr'>scilicet</span> <span class='ocrx_word' id='word_1_359' title='bbox 322 4321 337 4354; x_wconf 85' lang='lat' dir='ltr'>s</span> <span class='ocrx_word' id='word_1_360' title='bbox 347 4305 459 4370; x_wconf 74' lang='lat' dir='ltr'>graviore,</span> 
     </span>
     <span class='ocr_line' id='line_1_44' title="bbox 136 4367 461 4432; baseline 0 -16"><span class='ocrx_word' id='word_1_361' title='bbox 136 4369 260 4417; x_wconf 74' lang='lat' dir='ltr'>sttoiietur</span> <span class='ocrx_word' id='word_1_362' title='bbox 284 4367 340 4432; x_wconf 70' lang='lat' dir='ltr'>erge</span> <span class='ocrx_word' id='word_1_363' title='bbox 360 4369 461 4416; x_wconf 65' lang='lat' dir='ltr'>lindum</span> 
     </span>
     <span class='ocr_line' id='line_1_45' title="bbox 137 4432 460 4493; baseline 0.003 -14"><span class='ocrx_word' id='word_1_364' title='bbox 137 4448 219 4480; x_wconf 82' lang='lat' dir='ltr'>versus</span> <span class='ocrx_word' id='word_1_365' title='bbox 232 4433 256 4478; x_wconf 80' lang='grc' dir='ltr'><strong>Α</strong></span> <span class='ocrx_word' id='word_1_366' title='bbox 267 4441 291 4479; x_wconf 82' lang='lat' dir='ltr'>et</span> <span class='ocrx_word' id='word_1_367' title='bbox 303 4435 332 4490; x_wconf 87' lang='lat' dir='ltr'>C,</span> <span class='ocrx_word' id='word_1_368' title='bbox 347 4432 460 4493; x_wconf 80' lang='lat' dir='ltr'>deprime·</span> 
     </span>
     <span class='ocr_line' id='line_1_46' title="bbox 135 4497 457 4558; baseline 0.006 -15"><span class='ocrx_word' id='word_1_369' title='bbox 135 4507 318 4558; x_wconf 74' lang='lat' dir='ltr'>torqueremus</span> <span class='ocrx_word' id='word_1_370' title='bbox 339 4497 404 4544; x_wconf 83' lang='lat' dir='ltr'>Bet</span> <span class='ocrx_word' id='word_1_371' title='bbox 424 4497 457 4552; x_wconf 92' lang='lat' dir='ltr'>D,</span> 
     </span>
    </p>
   </div>
   <div class='ocr_carea' id='block_1_5' title="bbox 793 3221 1424 4556">
    <p class='ocr_par' dir='ltr' id='par_1_6' title="bbox 793 3221 1424 4556">
     <span class='ocr_line' id='line_1_47' title="bbox 794 3221 1419 3286; baseline 0.005 -15"><span class='ocrx_word' id='word_1_372' title='bbox 794 3224 885 3271; x_wconf 63' lang='lat' dir='ltr'>wdone</span> <span class='ocrx_word' id='word_1_373' title='bbox 896 3221 995 3271; x_wconf 87' lang='lat' dir='ltr'>liuidum</span> <span class='ocrx_word' id='word_1_374' title='bbox 1004 3235 1108 3272; x_wconf 84' lang='lat' dir='ltr'>terrestre</span> <span class='ocrx_word' id='word_1_375' title='bbox 1116 3226 1224 3286; x_wconf 86' lang='lat' dir='ltr'>componi</span> <span class='ocrx_word' id='word_1_376' title='bbox 1235 3225 1260 3270; x_wconf 88' lang='lat' dir='ltr'>in</span> <span class='ocrx_word' id='word_1_377' title='bbox 1268 3227 1419 3286; x_wconf 78' lang='lat' dir='ltr'>sphaeroidem</span> 
     </span>
     <span class='ocr_line' id='line_1_48' title="bbox 795 3287 1420 3350; baseline 0.006 -17"><span class='ocrx_word' id='word_1_378' title='bbox 795 3287 919 3350; x_wconf 78' lang='lat' dir='ltr'>oblongam</span> <span class='ocrx_word' id='word_1_379' title='bbox 937 3288 1003 3349; x_wconf 84' lang='lat' dir='ltr'>cujus</span> <span class='ocrx_word' id='word_1_380' title='bbox 1014 3287 1063 3334; x_wconf 79' lang='lat' dir='ltr'>sris</span> <span class='ocrx_word' id='word_1_381' title='bbox 1074 3287 1199 3348; x_wconf 85' lang='lat' dir='ltr'>productus</span> <span class='ocrx_word' id='word_1_382' title='bbox 1214 3303 1254 3348; x_wconf 84' lang='lat' dir='ltr'>per</span> <span class='ocrx_word' id='word_1_383' title='bbox 1269 3290 1346 3336; x_wconf 86' lang='lat' dir='ltr'>Solem</span> <span class='ocrx_word' id='word_1_384' title='bbox 1358 3299 1420 3337; x_wconf 87' lang='lat' dir='ltr'>trsn-</span> 
     </span>
     <span class='ocr_line' id='line_1_49' title="bbox 794 3351 1419 3414; baseline 0.003 -17"><span class='ocrx_word' id='word_1_385' title='bbox 794 3351 831 3397; x_wconf 79' lang='lat' dir='ltr'>n&#39;t,</span> <span class='ocrx_word' id='word_1_386' title='bbox 869 3351 894 3397; x_wconf 86' lang='lat' dir='ltr'>Si</span> <span class='ocrx_word' id='word_1_387' title='bbox 909 3351 972 3397; x_wconf 90' lang='lat' dir='ltr'>enirn</span> <span class='ocrx_word' id='word_1_388' title='bbox 989 3353 1025 3414; x_wconf 85' lang='lat' dir='ltr'>(in</span> <span class='ocrx_word' id='word_1_389' title='bbox 1041 3351 1081 3414; x_wconf 73' lang='lat' dir='ltr'>fig.</span> <span class='ocrx_word' id='word_1_390' title='bbox 1095 3351 1206 3412; x_wconf 70' lang='lat' dir='ltr'>preced.)</span> <span class='ocrx_word' id='word_1_391' title='bbox 1227 3351 1311 3414; x_wconf 80' lang='lat' dir='ltr'>globus</span> <span class='ocrx_word' id='word_1_392' title='bbox 1330 3353 1352 3400; x_wconf 88' lang='lat' dir='ltr'>L</span> <span class='ocrx_word' id='word_1_393' title='bbox 1370 3367 1419 3401; x_wconf 90' lang='lat' dir='ltr'>non</span> 
     </span>
     <span class='ocr_line' id='line_1_50' title="bbox 797 3414 1420 3476; baseline 0.002 -14"><span class='ocrx_word' id='word_1_394' title='bbox 797 3415 892 3462; x_wconf 77' lang='lat' dir='ltr'>Lunam</span> <span class='ocrx_word' id='word_1_395' title='bbox 905 3414 945 3461; x_wconf 86' lang='lat' dir='ltr'>sed</span> <span class='ocrx_word' id='word_1_396' title='bbox 958 3415 1036 3462; x_wconf 87' lang='lat' dir='ltr'>Solem</span> <span class='ocrx_word' id='word_1_397' title='bbox 1047 3415 1157 3476; x_wconf 76' lang='lat' dir='ltr'>designet,</span> <span class='ocrx_word' id='word_1_398' title='bbox 1171 3425 1253 3462; x_wconf 83' lang='lat' dir='ltr'>cretata</span> <span class='ocrx_word' id='word_1_399' title='bbox 1263 3431 1287 3462; x_wconf 84' lang='lat' dir='ltr'>se</span> <span class='ocrx_word' id='word_1_400' title='bbox 1297 3417 1383 3463; x_wconf 81' lang='lat' dir='ltr'>habent</span> <span class='ocrx_word' id='word_1_401' title='bbox 1394 3426 1420 3463; x_wconf 89' lang='lat' dir='ltr'>ut</span> 
     </span>
     <span class='ocr_line' id='line_1_51' title="bbox 794 3476 1418 3539; baseline 0.002 -15"><span class='ocrx_word' id='word_1_402' title='bbox 794 3476 872 3538; x_wconf 79' lang='lat' dir='ltr'>supri.</span> <span class='ocrx_word' id='word_1_403' title='bbox 904 3481 937 3524; x_wconf 78' lang='lat' dir='ltr'>At</span> <span class='ocrx_word' id='word_1_404' title='bbox 948 3478 973 3524; x_wconf 88' lang='lat' dir='ltr'>in</span> <span class='ocrx_word' id='word_1_405' title='bbox 984 3478 1028 3524; x_wconf 84' lang='lat' dir='ltr'>hoe</span> <span class='ocrx_word' id='word_1_406' title='bbox 1039 3493 1092 3524; x_wconf 79' lang='lat' dir='ltr'>casu</span> <span class='ocrx_word' id='word_1_407' title='bbox 1104 3479 1180 3525; x_wconf 91' lang='lat' dir='ltr'>minor</span> <span class='ocrx_word' id='word_1_408' title='bbox 1190 3477 1234 3524; x_wconf 84' lang='lat' dir='ltr'>erit</span> <span class='ocrx_word' id='word_1_409' title='bbox 1244 3477 1315 3539; x_wconf 81' lang='lat' dir='ltr'>quim</span> <span class='ocrx_word' id='word_1_410' title='bbox 1326 3479 1350 3525; x_wconf 91' lang='lat' dir='ltr'>in</span> <span class='ocrx_word' id='word_1_411' title='bbox 1362 3480 1418 3525; x_wconf 84' lang='lat' dir='ltr'>alte-</span> 
     </span>
     <span class='ocr_line' id='line_1_52' title="bbox 794 3537 1418 3590; baseline 0.005 -3"><span class='ocrx_word' id='word_1_412' title='bbox 794 3541 916 3587; x_wconf 81' lang='lat' dir='ltr'>sossium</span> <span class='ocrx_word' id='word_1_413' title='bbox 933 3537 1068 3588; x_wconf 80' lang='lat' dir='ltr'>differentia.</span> <span class='ocrx_word' id='word_1_414' title='bbox 1105 3541 1167 3588; x_wconf 82' lang='lat' dir='ltr'>Nem</span> <span class='ocrx_word' id='word_1_415' title='bbox 1184 3541 1249 3588; x_wconf 87' lang='lat' dir='ltr'>fluidi</span> <span class='ocrx_word' id='word_1_416' title='bbox 1265 3552 1343 3588; x_wconf 91' lang='lat' dir='ltr'>tumor</span> <span class='ocrx_word' id='word_1_417' title='bbox 1359 3543 1418 3590; x_wconf 87' lang='lat' dir='ltr'>inC</span> 
     </span>
     <span class='ocr_line' id='line_1_53' title="bbox 794 3603 1419 3668; baseline -0.002 -19"><span class='ocrx_word' id='word_1_418' title='bbox 794 3604 851 3650; x_wconf 82' lang='lat' dir='ltr'>bine</span> <span class='ocrx_word' id='word_1_419' title='bbox 866 3604 940 3650; x_wconf 81' lang='lat' dir='ltr'>oritur</span> <span class='ocrx_word' id='word_1_420' title='bbox 954 3603 1017 3666; x_wconf 85' lang='lat' dir='ltr'>quod</span> <span class='ocrx_word' id='word_1_421' title='bbox 1032 3603 1132 3652; x_wconf 87' lang='lat' dir='ltr'>liuidum</span> <span class='ocrx_word' id='word_1_422' title='bbox 1148 3605 1222 3668; x_wconf 79' lang='lat' dir='ltr'>magis</span> <span class='ocrx_word' id='word_1_423' title='bbox 1233 3608 1328 3667; x_wconf 80' lang='lat' dir='ltr'>gravitet</span> <span class='ocrx_word' id='word_1_424' title='bbox 1340 3619 1419 3654; x_wconf 77' lang='lat' dir='ltr'>versus</span> 
     </span>
     <span class='ocr_line' id='line_1_54' title="bbox 794 3667 1418 3731; baseline 0.005 -17"><span class='ocrx_word' id='word_1_425' title='bbox 794 3667 889 3714; x_wconf 85' lang='lat' dir='ltr'>Lunam</span> <span class='ocrx_word' id='word_1_426' title='bbox 900 3667 971 3731; x_wconf 80' lang='lat' dir='ltr'>quim</span> <span class='ocrx_word' id='word_1_427' title='bbox 981 3667 1083 3715; x_wconf 80' lang='lat' dir='ltr'>Telluris</span> <span class='ocrx_word' id='word_1_428' title='bbox 1093 3677 1197 3715; x_wconf 84' lang='lat' dir='ltr'>centrum</span> <span class='ocrx_word' id='word_1_429' title='bbox 1211 3669 1239 3722; x_wconf 86' lang='lat' dir='ltr'>T,</span> <span class='ocrx_word' id='word_1_430' title='bbox 1253 3678 1331 3715; x_wconf 88' lang='lat' dir='ltr'>tumor</span> <span class='ocrx_word' id='word_1_431' title='bbox 1341 3677 1418 3717; x_wconf 82' lang='lat' dir='ltr'>sutem</span> 
     </span>
     <span class='ocr_line' id='line_1_55' title="bbox 794 3729 1419 3793; baseline 0 -16"><span class='ocrx_word' id='word_1_432' title='bbox 794 3729 859 3777; x_wconf 88' lang='lat' dir='ltr'>lluidi</span> <span class='ocrx_word' id='word_1_433' title='bbox 875 3731 901 3777; x_wconf 92' lang='lat' dir='ltr'>in</span> <span class='ocrx_word' id='word_1_434' title='bbox 919 3734 949 3789; x_wconf 77' lang='lat' dir='ltr'>A,</span> <span class='ocrx_word' id='word_1_435' title='bbox 966 3729 1022 3778; x_wconf 82' lang='lat' dir='ltr'>iude</span> <span class='ocrx_word' id='word_1_436' title='bbox 1036 3732 1140 3792; x_wconf 82' lang='lat' dir='ltr'>provenit</span> <span class='ocrx_word' id='word_1_437' title='bbox 1150 3732 1212 3793; x_wconf 84' lang='lat' dir='ltr'>quod</span> <span class='ocrx_word' id='word_1_438' title='bbox 1225 3733 1303 3780; x_wconf 68' lang='lat' dir='ltr'>Terra</span> <span class='ocrx_word' id='word_1_439' title='bbox 1313 3743 1419 3777; x_wconf 82' lang='lat' dir='ltr'>centrum</span> 
     </span>
     <span class='ocr_line' id='line_1_56' title="bbox 793 3794 1418 3857; baseline 0 -17"><span class='ocrx_word' id='word_1_440' title='bbox 793 3795 870 3857; x_wconf 77' lang='lat' dir='ltr'>magis</span> <span class='ocrx_word' id='word_1_441' title='bbox 887 3794 958 3857; x_wconf 84' lang='lat' dir='ltr'>quim</span> <span class='ocrx_word' id='word_1_442' title='bbox 976 3795 1075 3842; x_wconf 89' lang='lat' dir='ltr'>fluidum</span> <span class='ocrx_word' id='word_1_443' title='bbox 1094 3810 1172 3842; x_wconf 81' lang='lat' dir='ltr'>versus</span> <span class='ocrx_word' id='word_1_444' title='bbox 1192 3795 1285 3844; x_wconf 75' lang='lat' dir='ltr'>Lunam</span> <span class='ocrx_word' id='word_1_445' title='bbox 1304 3797 1418 3857; x_wconf 79' lang='lat' dir='ltr'>gravitet3</span> 
     </span>
     <span class='ocr_line' id='line_1_57' title="bbox 793 3858 1418 3921; baseline -0.002 -16"><span class='ocrx_word' id='word_1_446' title='bbox 793 3873 872 3921; x_wconf 84' lang='lat' dir='ltr'>quare,</span> <span class='ocrx_word' id='word_1_447' title='bbox 890 3859 910 3904; x_wconf 86' lang='lat' dir='ltr'>si</span> <span class='ocrx_word' id='word_1_448' title='bbox 927 3860 977 3905; x_wconf 73' lang='lat' dir='ltr'>bac</span> <span class='ocrx_word' id='word_1_449' title='bbox 995 3858 1092 3906; x_wconf 81' lang='lat' dir='ltr'>elevatio</span> <span class='ocrx_word' id='word_1_450' title='bbox 1112 3858 1172 3906; x_wconf 82' lang='lat' dir='ltr'>Solis</span> <span class='ocrx_word' id='word_1_451' title='bbox 1190 3859 1274 3905; x_wconf 82' lang='lat' dir='ltr'>actioni</span> <span class='ocrx_word' id='word_1_452' title='bbox 1296 3859 1418 3914; x_wconf 83' lang='lat' dir='ltr'>tribuetur,</span> 
     </span>
     <span class='ocr_line' id='line_1_58' title="bbox 793 3915 1419 3984; baseline 0.002 -16"><span class='ocrx_word' id='word_1_453' title='bbox 793 3921 871 3968; x_wconf 89' lang='lat' dir='ltr'>minor</span> <span class='ocrx_word' id='word_1_454' title='bbox 881 3923 924 3968; x_wconf 88' lang='lat' dir='ltr'>erit</span> <span class='ocrx_word' id='word_1_455' title='bbox 934 3915 1029 3968; x_wconf 77' lang='lat' dir='ltr'>effeetus</span> <span class='ocrx_word' id='word_1_456' title='bbox 1037 3923 1141 3984; x_wconf 80' lang='lat' dir='ltr'>quemvis</span> <span class='ocrx_word' id='word_1_457' title='bbox 1149 3922 1208 3968; x_wconf 80' lang='lat' dir='ltr'>aetio</span> <span class='ocrx_word' id='word_1_458' title='bbox 1218 3921 1277 3968; x_wconf 82' lang='lat' dir='ltr'>Solis</span> <span class='ocrx_word' id='word_1_459' title='bbox 1288 3921 1312 3966; x_wconf 90' lang='lat' dir='ltr'>in</span> <span class='ocrx_word' id='word_1_460' title='bbox 1323 3921 1419 3969; x_wconf 86' lang='lat' dir='ltr'>Terram</span> 
     </span>
     <span class='ocr_line' id='line_1_59' title="bbox 794 3985 1422 4098; baseline 0.002 -3"><span class='ocrx_word' id='word_1_461' title='bbox 794 3985 1422 4098; x_wconf 56' lang='lat' dir='ltr'>nist,titnzttsfltirrtrilit</span> 
     </span>
     <span class='ocr_line' id='line_1_60' title="bbox 796 4110 1421 4174; baseline -0.002 -14"><span class='ocrx_word' id='word_1_462' title='bbox 796 4125 901 4174; x_wconf 82' lang='lat' dir='ltr'>respectu</span> <span class='ocrx_word' id='word_1_463' title='bbox 911 4113 1031 4158; x_wconf 82' lang='lat' dir='ltr'>immensas</span> <span class='ocrx_word' id='word_1_464' title='bbox 1043 4113 1103 4160; x_wconf 88' lang='lat' dir='ltr'>Solis</span> <span class='ocrx_word' id='word_1_465' title='bbox 1113 4129 1127 4157; x_wconf 85' lang='lat' dir='ltr'>s</span> <span class='ocrx_word' id='word_1_466' title='bbox 1139 4111 1213 4164; x_wconf 74' lang='lat' dir='ltr'>Terris</span> <span class='ocrx_word' id='word_1_467' title='bbox 1224 4110 1345 4169; x_wconf 69' lang='lat' dir='ltr'>distantia,</span> <span class='ocrx_word' id='word_1_468' title='bbox 1358 4112 1421 4161; x_wconf 81' lang='lat' dir='ltr'>ided-</span> 
     </span>
     <span class='ocr_line' id='line_1_61' title="bbox 795 4175 1422 4242; baseline -0.002 -19"><span class='ocrx_word' id='word_1_469' title='bbox 795 4191 842 4239; x_wconf 85' lang='lat' dir='ltr'>que</span> <span class='ocrx_word' id='word_1_470' title='bbox 853 4175 920 4222; x_wconf 89' lang='lat' dir='ltr'>llnidi</span> <span class='ocrx_word' id='word_1_471' title='bbox 931 4176 955 4221; x_wconf 89' lang='lat' dir='ltr'>in</span> <span class='ocrx_word' id='word_1_472' title='bbox 969 4177 989 4222; x_wconf 90' lang='lat' dir='ltr'>C</span> <span class='ocrx_word' id='word_1_473' title='bbox 1000 4175 1068 4223; x_wconf 74' lang='lat' dir='ltr'>locati</span> <span class='ocrx_word' id='word_1_474' title='bbox 1083 4175 1183 4242; x_wconf 72' lang='lat' dir='ltr'>gravitas</span> <span class='ocrx_word' id='word_1_475' title='bbox 1193 4191 1272 4222; x_wconf 75' lang='lat' dir='ltr'>versus</span> <span class='ocrx_word' id='word_1_476' title='bbox 1284 4177 1361 4224; x_wconf 71' lang='lat' dir='ltr'>Solem</span> <span class='ocrx_word' id='word_1_477' title='bbox 1379 4177 1422 4224; x_wconf 86' lang='lat' dir='ltr'>erit</span> 
     </span>
     <span class='ocr_line' id='line_1_62' title="bbox 795 4238 1423 4302; baseline 0 -16"><span class='ocrx_word' id='word_1_478' title='bbox 795 4239 959 4287; x_wconf 84' lang='lat' dir='ltr'>insensibiliter</span> <span class='ocrx_word' id='word_1_479' title='bbox 984 4239 1058 4302; x_wconf 77' lang='lat' dir='ltr'>major</span> <span class='ocrx_word' id='word_1_480' title='bbox 1083 4238 1193 4300; x_wconf 80' lang='lat' dir='ltr'>gravitate</span> <span class='ocrx_word' id='word_1_481' title='bbox 1216 4239 1318 4287; x_wconf 84' lang='lat' dir='ltr'>Telluris</span> <span class='ocrx_word' id='word_1_482' title='bbox 1343 4255 1423 4288; x_wconf 76' lang='lat' dir='ltr'>sersus</span> 
     </span>
     <span class='ocr_line' id='line_1_63' title="bbox 797 4301 1423 4364; baseline 0 -14"><span class='ocrx_word' id='word_1_483' title='bbox 797 4303 907 4357; x_wconf 86' lang='lat' dir='ltr'>eundem,</span> <span class='ocrx_word' id='word_1_484' title='bbox 919 4311 943 4350; x_wconf 83' lang='lat' dir='ltr'>et</span> <span class='ocrx_word' id='word_1_485' title='bbox 952 4301 1017 4349; x_wconf 81' lang='lat' dir='ltr'>fluidi</span> <span class='ocrx_word' id='word_1_486' title='bbox 1029 4305 1053 4348; x_wconf 94' lang='lat' dir='ltr'>in</span> <span class='ocrx_word' id='word_1_487' title='bbox 1069 4305 1088 4354; x_wconf 77' lang='grc' dir='ltr'>Α</span> <span class='ocrx_word' id='word_1_488' title='bbox 1102 4302 1168 4362; x_wconf 86' lang='lat' dir='ltr'>positi</span> <span class='ocrx_word' id='word_1_489' title='bbox 1180 4304 1279 4364; x_wconf 77' lang='lat' dir='ltr'>gravitas</span> <span class='ocrx_word' id='word_1_490' title='bbox 1289 4319 1368 4352; x_wconf 77' lang='lat' dir='ltr'>versus</span> <span class='ocrx_word' id='word_1_491' title='bbox 1380 4307 1423 4350; x_wconf 87' lang='lat' dir='ltr'>So-</span> 
     </span>
     <span class='ocr_line' id='line_1_64' title="bbox 796 4365 1424 4430; baseline -0.002 -18"><span class='ocrx_word' id='word_1_492' title='bbox 796 4367 843 4413; x_wconf 88' lang='lat' dir='ltr'>lem</span> <span class='ocrx_word' id='word_1_493' title='bbox 862 4367 906 4412; x_wconf 84' lang='lat' dir='ltr'>erit</span> <span class='ocrx_word' id='word_1_494' title='bbox 923 4365 1084 4418; x_wconf 79' lang='lat' dir='ltr'>insensibiliter</span> <span class='ocrx_word' id='word_1_495' title='bbox 1099 4367 1177 4414; x_wconf 86' lang='lat' dir='ltr'>minor</span> <span class='ocrx_word' id='word_1_496' title='bbox 1192 4371 1303 4430; x_wconf 75' lang='lat' dir='ltr'>gravitate</span> <span class='ocrx_word' id='word_1_497' title='bbox 1320 4369 1424 4416; x_wconf 82' lang='lat' dir='ltr'>Telluris</span> 
     </span>
     <span class='ocr_line' id='line_1_65' title="bbox 797 4429 1424 4496; baseline 0.005 -22"><span class='ocrx_word' id='word_1_498' title='bbox 797 4445 876 4476; x_wconf 83' lang='lat' dir='ltr'>versus</span> <span class='ocrx_word' id='word_1_499' title='bbox 893 4429 1002 4486; x_wconf 85' lang='lat' dir='ltr'>eundem,</span> <span class='ocrx_word' id='word_1_500' title='bbox 1020 4444 1091 4494; x_wconf 77' lang='lat' dir='ltr'>quere</span> <span class='ocrx_word' id='word_1_501' title='bbox 1110 4429 1185 4494; x_wconf 74' lang='lat' dir='ltr'>ligura</span> <span class='ocrx_word' id='word_1_502' title='bbox 1206 4431 1348 4496; x_wconf 81' lang='lat' dir='ltr'>spbteroidea</span> <span class='ocrx_word' id='word_1_503' title='bbox 1368 4429 1424 4477; x_wconf 77' lang='lat' dir='ltr'>indi</span> 
     </span>
     <span class='ocr_line' id='line_1_66' title="bbox 797 4495 1423 4556; baseline 0.003 -17"><span class='ocrx_word' id='word_1_504' title='bbox 797 4496 876 4556; x_wconf 76' lang='lat' dir='ltr'>genita</span> <span class='ocrx_word' id='word_1_505' title='bbox 895 4507 977 4553; x_wconf 80' lang='lat' dir='ltr'>perum</span> <span class='ocrx_word' id='word_1_506' title='bbox 996 4495 1135 4540; x_wconf 83' lang='lat' dir='ltr'>intumescet</span> <span class='ocrx_word' id='word_1_507' title='bbox 1152 4495 1182 4540; x_wconf 82' lang='lat' dir='ltr'>sd</span> <span class='ocrx_word' id='word_1_508' title='bbox 1200 4497 1295 4541; x_wconf 78' lang='lat' dir='ltr'>vertices</span> <span class='ocrx_word' id='word_1_509' title='bbox 1316 4499 1335 4543; x_wconf 90' lang='lat' dir='ltr'>C</span> <span class='ocrx_word' id='word_1_510' title='bbox 1352 4507 1375 4542; x_wconf 84' lang='lat' dir='ltr'>et</span> <span class='ocrx_word' id='word_1_511' title='bbox 1391 4498 1423 4549; x_wconf 79' lang='lat' dir='ltr'>A,</span> 
     </span>
    </p>
   </div>
   <div class='ocr_carea' id='block_1_6' title="bbox 132 4556 1425 4754">
    <p class='ocr_par' dir='ltr' id='par_1_7' title="bbox 132 4556 1425 4754">
     <span class='ocr_line' id='line_1_67' title="bbox 135 4556 1425 4622; baseline -0.004 -13"><span class='ocrx_word' id='word_1_512' title='bbox 135 4560 210 4609; x_wconf 70' lang='grc' dir='ltr'>ὼοοσ</span> <span class='ocrx_word' id='word_1_513' title='bbox 221 4560 309 4608; x_wconf 77' lang='lat' dir='ltr'>scilieet</span> <span class='ocrx_word' id='word_1_514' title='bbox 321 4561 395 4622; x_wconf 76' lang='lat' dir='ltr'>major</span> <span class='ocrx_word' id='word_1_515' title='bbox 405 4559 471 4608; x_wconf 84' lang='lat' dir='ltr'>fluidi</span> <span class='ocrx_word' id='word_1_516' title='bbox 481 4559 556 4607; x_wconf 77' lang='lat' dir='ltr'>molas</span> <span class='ocrx_word' id='word_1_517' title='bbox 569 4571 593 4608; x_wconf 85' lang='lat' dir='ltr'>et</span> <span class='ocrx_word' id='word_1_518' title='bbox 606 4559 705 4609; x_wconf 80' lang='lat' dir='ltr'>altitudo</span> <span class='ocrx_word' id='word_1_519' title='bbox 713 4567 764 4606; x_wconf 82' lang='lat' dir='ltr'>tna-</span> <span class='ocrx_word' id='word_1_520' title='bbox 798 4573 926 4622; x_wconf 73' lang='lat' dir='ltr'>parumque</span> <span class='ocrx_word' id='word_1_521' title='bbox 943 4556 966 4602; x_wconf 81' lang='lat' dir='ltr'>in</span> <span class='ocrx_word' id='word_1_522' title='bbox 983 4557 1070 4603; x_wconf 84' lang='lat' dir='ltr'>circulo</span> <span class='ocrx_word' id='word_1_523' title='bbox 1084 4558 1105 4604; x_wconf 88' lang='lat' dir='ltr'>B</span> <span class='ocrx_word' id='word_1_524' title='bbox 1119 4557 1144 4604; x_wconf 92' lang='lat' dir='ltr'>D</span> <span class='ocrx_word' id='word_1_525' title='bbox 1159 4557 1307 4622; x_wconf 74' lang='lat' dir='ltr'>deprimetur,</span> <span class='ocrx_word' id='word_1_526' title='bbox 1323 4569 1425 4606; x_wconf 78' lang='lat' dir='ltr'>ettamen</span> 
     </span>
     <span class='ocr_line' id='line_1_68' title="bbox 132 4620 1424 4688; baseline -0.002 -18"><span class='ocrx_word' id='word_1_527' title='bbox 132 4625 209 4688; x_wconf 84' lang='lat' dir='ltr'>joresn</span> <span class='ocrx_word' id='word_1_528' title='bbox 219 4624 358 4687; x_wconf 69' lang='lat' dir='ltr'>gravitatem</span> <span class='ocrx_word' id='word_1_529' title='bbox 369 4634 508 4688; x_wconf 82' lang='lat' dir='ltr'>compenset,</span> <span class='ocrx_word' id='word_1_530' title='bbox 521 4635 545 4671; x_wconf 84' lang='lat' dir='ltr'>et</span> <span class='ocrx_word' id='word_1_531' title='bbox 555 4625 642 4686; x_wconf 83' lang='lat' dir='ltr'>ubique</span> <span class='ocrx_word' id='word_1_532' title='bbox 654 4624 765 4669; x_wconf 81' lang='lat' dir='ltr'>constitu·</span> <span class='ocrx_word' id='word_1_533' title='bbox 799 4631 892 4683; x_wconf 86' lang='lat' dir='ltr'>propter</span> <span class='ocrx_word' id='word_1_534' title='bbox 909 4621 1032 4667; x_wconf 79' lang='lat' dir='ltr'>immensas</span> <span class='ocrx_word' id='word_1_535' title='bbox 1052 4621 1112 4670; x_wconf 80' lang='lat' dir='ltr'>Solis</span> <span class='ocrx_word' id='word_1_536' title='bbox 1127 4620 1180 4668; x_wconf 87' lang='lat' dir='ltr'>licet</span> <span class='ocrx_word' id='word_1_537' title='bbox 1196 4621 1340 4669; x_wconf 84' lang='lat' dir='ltr'>remotissimi</span> <span class='ocrx_word' id='word_1_538' title='bbox 1359 4623 1424 4674; x_wconf 82' lang='lat' dir='ltr'>vires,</span> 
     </span>
     <span class='ocr_line' id='line_1_69' title="bbox 136 4683 1240 4754; baseline -0.002 -19"><span class='ocrx_word' id='word_1_539' title='bbox 136 4697 189 4735; x_wconf 77' lang='lat' dir='ltr'>serr</span> <span class='ocrx_word' id='word_1_540' title='bbox 205 4687 369 4754; x_wconf 57' lang='lat' dir='ltr'>quibbrium,</span> <span class='ocrx_word' id='word_1_541' title='bbox 404 4689 552 4753; x_wconf 78' lang='lat' dir='ltr'>Quapropter</span> <span class='ocrx_word' id='word_1_542' title='bbox 570 4688 701 4754; x_wconf 80' lang='lat' dir='ltr'>superficies</span> <span class='ocrx_word' id='word_1_543' title='bbox 716 4701 765 4734; x_wconf 85' lang='lat' dir='ltr'>ms-</span> <span class='ocrx_word' id='word_1_544' title='bbox 798 4683 933 4752; x_wconf 79' lang='lat' dir='ltr'>aliquiserit</span> <span class='ocrx_word' id='word_1_545' title='bbox 943 4683 1039 4732; x_wconf 82' lang='lat' dir='ltr'>aetionis</span> <span class='ocrx_word' id='word_1_546' title='bbox 1049 4685 1128 4733; x_wconf 78' lang='lat' dir='ltr'>solaris</span> <span class='ocrx_word' id='word_1_547' title='bbox 1138 4686 1240 4733; x_wconf 78' lang='lat' dir='ltr'>effaetus.</span> 
     </span>
    </p>
   </div>
   <div class='ocr_carea' id='block_1_7' title="bbox 756 4773 800 4819">
    <p class='ocr_par' dir='ltr' id='par_1_8' title="bbox 756 4773 800 4819">
     <span class='ocr_line' id='line_1_70' title="bbox 756 4773 800 4819; baseline 0 0"><span class='ocrx_word' id='word_1_548' title='bbox 756 4773 800 4819; x_wconf 77' lang='lat'>12</span> 
     </span>
    </p>
   </div>
   <div class='ocr_carea' id='block_1_8' title="bbox 0 0 1696 5459">
    <p class='ocr_par' dir='ltr' id='par_1_9' title="bbox 0 0 1696 5459">
     <span class='ocr_line' id='line_1_71' title="bbox 0 0 1696 5459; baseline 0 1"><span class='ocrx_word' id='word_1_549' title='bbox 0 0 1696 5459; x_wconf 95' lang='lat' dir='ltr'> </span> 
     </span>
    </p>
   </div>
  </div>
 </body>
</html>
