3384 5459
269 428 333 487 nc
419 405 421 408 ’
567 378 636 485 ns
657 418 811 486 cnusn
838 420 1042 487 Pursrcn
1066 422 1256 491 nnuxus

269 584 336 681 tur,'
355 580 422 668 esse
443 584 652 687 sphaeroidem
673 604 811 668 oblatam
831 604 932 689 qualis
953 606 1092 692 gignitur
1116 618 1204 671 motu
1226 608 1433 694 semi-ellipsis
1455 610 1560 677 Bab

270 713 354 777 circs
372 718 476 777 ‘axem
505 712 658 776 minorem
688 714 728 797 (si
756 713 885 776 materia
912 712 1022 777 Terroe
1050 712 1294 801 pro-mquuliter
1318 716 1414 781 densi
1440 718 1560 783 habea-

268 820 333 901 tur)
372 819 651 885 semi-diametrum
685 820 852 905 aequetoris
888 842 956 885 esse
989 820 1030 885 ud

252 929 464 1002 *semi-axem:
477 942 514 993 ut
534 928 670 1016 gravitas
695 929 754 993 sub
777 928 859 1013 polis
885 930 918 991 in
945 928 1026 993 Ter-

268 1019 336 1103 ram
358 1053 406 1105 est
428 1039 469 1105 ad
490 1060 651 1103 excessum
673 1040 832 1126 gravitatis
855 1061 949 1123 supra
965 1040 1045 1101 vim.

268 1147 474 1235 centrifugum
495 1126 743 1233 sub'aequatore,
771 1168 885 1231 corpus
907 1148 941 1209 in
959 1148 1030 1211 loco

269 1256 380 1344 quovis
406 1256 433 1321 P
456 1256 586 1335 tendere
599 1253 716 1320 *versus
741 1254 876 1319 Terram
904 1256 935 1318 vi
959 1276 1029 1341 quae

268 1375 323 1427 est·
344 1386 467 1448 semper
494 1373 530 1428 ut
555 1373 640 1426 recta
666 1361 693 1426 P
714 1362 744 1427 L
765 1361 1030 1446 perpendicularis

215 1555 218 1562 .
269 1472 371 1558 ellipsi
394 1472 581 1559 generatrici
605 1483 636 1535 et
659 1470 711 1533 exi
731 1470 843 1554 majori
864 1490 1042 1554 occurrens.

267 1586 300 1647 in
333 1582 374 1660 L,
408 1594 440 1645 et
467 1603 647 1645 mensurum
679 1579 814 1666 denique
842 1580 959 1667 graduis
995 1580 1029 1645 iu

266 1688 441 1753 meridiano
466 1710 534 1753 esse
563 1708 686 1771 semper
715 1697 750 1749 ut
779 1687 878 1750 cubus
903 1685 1042 1771 ejusdem
1067 1698 1162 1751 recte
1189 1686 1217 1751 P
1241 1685 1280 1751 L.
1340 1684 1424 1749 Haec
1448 1691 1557 1752 omnis

270 1796 414 1863 accurate
443 1796 698 1861 demonstrantur
716 1776 768 1859 es
799 1794 860 1859 hac
893 1777 1132 1881 Propositione;
1167 1818 1237 1883 quae
1263 1797 1402 1883 quamvis
1430 1798 1465 1860 in
1490 1799 1558 1862 dis-

267 1908 434 1994 quisitione
455 1907 495 1971 de
516 1905 618 1993 figuris
638 1906 751 1970 Terrae
772 1903 879 1968 eximii
896 1902 970 1996 ustis
995 1906 1066 1984 sint,
1092 1905 1145 1969 hic
1163 1905 1264 1969 obiter
1281 1917 1401 1969 tantum
1424 1927 1556 1971 monere

266 2016 421 2083 convenit.

791 2230 966 2297 LEMMA
989 2232 1029 2298 V.

311 2422 362 2488 Sit
376 2422 478 2511 figure
492 2424 609 2513 qumvis
625 2424 656 2488 A
673 2424 749 2488 Ba:
772 2422 966 2489 describatur
980 2422 1113 2489 circulus
1130 2425 1159 2490 C
1173 2426 1207 2491 N
1223 2424 1260 2491 H
1275 2434 1382 2490 centro
1398 2424 1439 2502 A,
1464 2423 1555 2488 radio

266 2534 377 2619 quovis
399 2533 473 2599 dato
496 2536 527 2601 A
544 2534 591 2612 03
614 2556 655 2599 ex
677 2534 709 2599 A
729 2534 881 2599 educatur
901 2548 985 2600 rectu
1005 2537 1122 2622 qumvis
1143 2538 1174 2600 A
1192 2538 1228 2602 M
1253 2558 1418 2601 occurrens
1439 2537 1554 2624 figure

266 2646 294 2709 A
314 2645 378 2710 Ba
398 2646 431 2709 in
453 2645 503 2725 M,
525 2645 801 2722 etcirculoinN3
839 2683 877 2747 H

265 2751 328 2815 sint
347 2751 389 2815 M
403 2751 436 2827 Q
455 2764 487 2817 et
502 2752 534 2815 N
551 2752 582 2816 R
595 2750 802 2836 perpendicu-

265 2861 347 2926 lares
370 2863 403 2925 in
423 2884 516 2927 axem
538 2862 647 2927 dutum
669 2864 737 2940 Aa,
761 2864 802 2927 sit

266 2972 299 3035 K
310 2973 342 3035 R
362 2994 486 3055 semper
504 2972 632 3057 aequslis
655 2972 799 3036 ubscissae

265 3076 297 3140 A
320 3077 362 3152 Q,
390 3090 422 3140 et
441 3077 489 3140 vis
511 3077 572 3163 qud
594 3078 746 3161 particula
767 3078 799 3142 A

265 3179 396 3270 urgetur
421 3184 530 3248 versd's
554 3176 687 3249 solidum
712 3199 799 3250 motu

265 3292 378 3380 figurae
399 3294 512 3359 ABe
532 3293 800 3358 circauxemAa

263 3404 415 3491 genitum,
453 3405 513 3470 erit
540 3416 576 3469 ut
605 3428 680 3469 aree
705 3428 801 3491 quam
887 3465 888 3468 ,
988 3421 996 3440 '

262 3524 394 3598 generat
414 3512 558 3578 ordinum
581 3514 613 3577 K
630 3515 662 3579 R
683 3512 800 3577 directe

262 3633 294 3683 et
308 3620 415 3684 radius
430 3621 462 3684 A
479 3620 652 3686 Cinversd.

307 3731 464 3797 Occurrat
492 3731 554 3795 alia
582 3743 668 3796 rectu
697 3754 738 3795 ex
767 3733 798 3795 A

262 3839 376 3904 educte
392 3840 504 3928 figurae
525 3840 559 3903 in
580 3862 613 3903 m
633 3851 666 3904 et
684 3839 800 3905 circulo

261 3950 295 4013 in
309 3973 342 4028 n,
366 3951 491 4037 sintque
512 3974 545 4015 m
559 3974 581 4037 q
601 3963 634 4015 et
653 3972 676 4013 n
691 3974 707 4014 r
724 3972 800 4015 nor-

252 4061 586 4127 snalesinaxemAv„
614 4061 800 4128 SitAZza

186 4248 190 4256 1
260 4169 322 4232 alis
336 4172 432 4235 sectio
447 4172 538 4240 solidi
552 4191 610 4256 per
624 4192 726 4247 axem,
747 4168 798 4234 cui
1331 4202 1335 4209 v

259 4278 425 4343 occuirant
436 4280 533 4365 plane
548 4282 579 4344 A
597 4280 637 4345 M
649 4280 687 4358 Z,
702 4280 733 4342 A
749 4298 783 4339 m
803 4274 895 4359 zipsi
911 4275 942 4337 A
958 4272 998 4337 M
1012 4295 1032 4335 a
1044 4267 1198 4335 normulis
1211 4268 1245 4330 in
1259 4266 1351 4331 rectis
1367 4264 1451 4342 AZ.
1475 4264 1507 4328 A
1519 4284 1547 4339 z,

259 4408 330 4472 quoe
345 4388 495 4453 circulum
510 4390 601 4454 radio
616 4391 648 4455 A
665 4389 693 4454 C
714 4389 748 4451 in
768 4387 865 4472 plano
880 4386 912 4449 A
928 4385 955 4448 Z
969 4406 987 4447 z
1001 4407 1021 4447 a
1035 4382 1227 4466 descriptum
1241 4390 1348 4443 secent
1361 4379 1395 4441 in
1410 4376 1447 4441 X
1460 4388 1494 4439 et
1505 4396 1548 4449 x;
1680 4446 1681 4473 ἶ

258 4492 394 4578 denique
409 4514 499 4559 arcus
516 4496 588 4569 Mu
601 4494 761 4559 circularis
776 4503 885 4556 centro
900 4491 931 4554 A
947 4487 1119 4575 descriptus
1134 4498 1279 4552 occurrat
1293 4485 1365 4548 Am
1380 4484 1413 4546 in
1427 4503 1458 4545 o.
1483 4480 1548 4545 His

258 4600 377 4683 positis,
400 4600 561 4664 minuatur
581 4600 714 4688 angulus
736 4610 901 4664 contentus
922 4596 1024 4685 planis
1048 4597 1079 4662 A
1095 4594 1135 4661 M
1149 4618 1178 4671 s,
1200 4596 1234 4659 A
1249 4594 1276 4657 Z
1290 4614 1319 4670 a,
1340 4602 1372 4655 et
1386 4588 1478 4655 simul
1493 4610 1549 4653 an-
1579 4680 1585 4691 .

257 4709 350 4796 galus
368 4710 407 4777 M
417 4711 448 4775 A
460 4732 492 4773 m
508 4709 610 4774 donec
624 4722 819 4787 evanescunt,
835 4720 868 4773 et
882 4706 992 4771 ultime
1005 4706 1086 4777 ratio
1100 4706 1146 4771 vis
1160 4704 1222 4791 quai
1235 4701 1388 4789 particule
1402 4702 1436 4765 A
1449 4698 1550 4799 tendit
