3384 5459
463 423 655 492 FLUXUS
677 426 737 491 Ac
760 424 1013 491 REFLUXUS
1037 422 1194 489 MARIS.
1407 428 1465 487 ‘251

185 617 331 684 quaenam
346 618 418 661 cum
432 595 499 659 aliis
519 595 735 679 phoenomenis
756 594 924 659 consistere
944 592 1066 678 possint
1086 612 1146 655 nec
1165 612 1215 655 ne.
1261 590 1470 668 Quantumvis

188 705 273 777 enim
294 702 462 788 explicatio
482 702 639 787 quaepiam
660 722 732 765 cum
752 700 968 785 phaenomenis
990 699 1155 783 conspiret,
1177 696 1238 761 nisi
1257 697 1379 773 virium,
1402 718 1472 781 quae

189 820 400 886 assumuntur,
423 809 589 872 existentia
608 806 734 871 aliunde
755 808 987 893 comprobetur,
1010 805 1097 869 labili
1118 828 1155 883 ea
1175 803 1304 869 omninb
1330 802 1472 867 innititur

188 914 405 981 fundamento.
451 913 548 991 Qubd
563 916 590 977 si
611 928 715 979 autem
730 911 849 991 contri,
872 913 999 978 effectus
1014 911 1166 997 ejusmodi
1187 910 1305 975 viribus
1319 908 1474 973 tribuatur

191 1044 268 1108 quas
289 1023 323 1086 in
344 1022 463 1087 mundo
484 1019 593 1087 reveri
613 1023 747 1087 existere
766 1022 827 1085 alia
846 1021 1054 1106 phaenomena
1076 1016 1158 1084 clare
1172 1018 1355 1094 docuerunt,
1379 1029 1475 1101 atque

191 1152 331 1194 summus
345 1128 560 1214 explicationis
574 1150 646 1192 cum
660 1128 851 1213 experientii
875 1150 1042 1193 consensus
1058 1124 1319 1209 deprehendatur,
1343 1122 1474 1187 dubium

191 1240 252 1303 erit
264 1240 386 1304 nullum
402 1241 477 1323 quin
491 1240 551 1301 ista
564 1238 731 1322 explicatio
745 1238 785 1301 sit
798 1237 936 1324 genuina
950 1249 982 1299 et
996 1234 1062 1298 sola
1076 1255 1159 1298 vera.

237 1353 261 1428 t.
277 1356 307 1412 8.
331 1346 484 1423 Quamvis
498 1358 603 1409 autem
617 1344 710 1409 certis
724 1343 842 1409 viribus
858 1343 959 1407 Lunae
973 1364 1010 1405 ac
1027 1341 1093 1407 Soli
1107 1339 1281 1405 tribuendis
1294 1338 1475 1423 pboenome·
1495 1320 1499 1329 ¹

193 1475 258 1517 non
272 1452 367 1517 aestts
381 1452 475 1515 maris
489 1449 653 1515 commode
666 1450 816 1535 explicari
829 1460 945 1534 posset,
962 1461 1065 1513 tamen
1081 1448 1125 1512 ob
1139 1448 1221 1511 hanc
1236 1447 1334 1511 solam
1348 1468 1475 1511 causam

173 1614 179 1621 .
193 1560 368 1626 istiusmodi
388 1563 469 1625 vires
490 1571 625 1625 stamere
645 1561 738 1624 nimis
752 1560 857 1624 audax
870 1559 1010 1623 videtur:
1032 1558 1235 1644 quamobrem
1249 1548 1401 1642 imprimis
1415 1556 1478 1620 erit

193 1668 431 1753 dispiciendum,
446 1690 524 1731 num
536 1668 606 1731 alioe
620 1670 755 1732 rationes
769 1666 921 1752 ejusmodi
934 1666 1015 1729 vires
1030 1687 1095 1729 non
1110 1664 1212 1729 soldm
1227 1664 1402 1739 admittmrt,
1419 1662 1478 1727 sed

195 1780 290 1843 etiam
310 1791 382 1843 actu
401 1780 537 1844 existere
556 1776 719 1843 manifesto
740 1777 888 1842 indicent.
935 1777 1162 1844 Perlustremus
1176 1777 1272 1864 igitur
1287 1777 1376 1853 vires,
1400 1794 1480 1861 ques

189 1885 258 1968 jam
278 1883 403 1949 aliunde
424 1885 457 1947 in
478 1883 598 1949 mundo
619 1885 722 1971 vigere
736 1885 888 1960 norimus,
907 1884 1158 1968 sciscitemurque
1173 1882 1280 1966 paucis
1297 1902 1337 1945 an
1353 1880 1394 1945 ad
1409 1900 1479 1943 mo-

195 2002 263 2053 tum
284 1990 479 2073 reciprocum
500 2012 617 2055 oceano
638 1991 851 2056 inducendum
865 1991 928 2055 sint
948 1989 1089 2055 idoneae:
1111 1989 1189 2053 talea
1203 1990 1287 2052 enim
1301 1989 1383 2051 vires
1398 1986 1424 2049 si
1445 1985 1481 2050 in

194 2095 315 2159 mundo
324 2097 392 2179 jam
406 2108 523 2175 extent,
537 2099 640 2161 omnia
654 2098 744 2163 labor
756 2100 791 2161 iu
804 2097 873 2163 aliis
887 2096 1080 2183 inquirendis
1100 2097 1259 2181 impensus
1278 2093 1384 2157 irritus
1398 2090 1481 2155 foret

122 2209 126 2215 ⁴
197 2223 234 2265 ac
260 2200 419 2267 ridiculus.
478 2205 529 2268 Aa
556 2204 660 2288 primd
688 2204 814 2291 quidem
842 2206 869 2267 si
899 2205 1005 2269 Solem
1034 2215 1220 2289 spectamus,
1241 2214 1345 2265 motus
1367 2200 1482 2263 Terra

198 2332 319 2375 annuus
339 2311 467 2377 omnino
487 2312 626 2381 declarat
640 2315 772 2379 Terram
793 2312 947 2399 perpetui)
963 2312 1071 2377 versiae
1086 2312 1192 2377 Solem
1206 2310 1323 2398 urgeri,
1346 2320 1378 2373 et
1392 2306 1483 2395 quasi

198 2416 321 2494 attrahi,
343 2418 438 2503 idque
459 2419 570 2485 fortius
591 2423 625 2485 in
643 2422 759 2487 minori
772 2421 929 2499 dictastis,
945 2420 1077 2487 debilius
1092 2418 1166 2483 verb
1187 2418 1221 2481 in
1234 2416 1361 2502 majori3
1386 2427 1484 2501 atque

197 2522 277 2585 adei)
298 2523 380 2588 hanc
396 2524 476 2590 Solis
499 2527 562 2591 vim
582 2529 616 2592 in
638 2530 771 2594 Terram
792 2531 945 2594 rationem
964 2540 1070 2593 tenere
1083 2526 1277 2611 reciprocam
1291 2524 1483 2609 duplicatam

199 2630 434 2697 distantiarum:
458 2656 498 2697 ex
512 2658 576 2720 quo
589 2636 701 2722 sponte
716 2637 855 2723 sequittu
868 2658 933 2701 non
948 2634 1051 2703 soldm
1065 2637 1241 2699 universam
1256 2634 1401 2710 Terram,
1425 2630 1485 2695 sed

175 2808 178 2814 ,
200 2737 294 2800 etiem
316 2738 455 2825 singulas
477 2743 542 2827 ejus
562 2755 667 2826 partes
680 2742 834 2827 perpetui)
847 2740 955 2807 versds
972 2742 1077 2807 Solem
1091 2742 1206 2828 urgeri.
1251 2739 1336 2803 Tota
1356 2737 1485 2825 quidem

201 2842 304 2906 Tarra
324 2847 414 2931 reque
435 2845 556 2911 fortiter
576 2849 617 2912 ad
640 2849 747 2915 Solem
767 2849 960 2934 sollicitatur,
982 2870 1020 2913 ac
1041 2849 1068 2911 si
1088 2848 1190 2913 omnis
1211 2846 1342 2911 materia
1361 2845 1396 2909 in
1416 2844 1486 2929 ejus

200 2964 307 3013 centro
327 2966 410 3017 esset
431 2967 597 3041 congestu
622 2957 747 3021 interim
768 2970 874 3023 tamen
896 2968 1000 3041 partes
1022 2956 1105 3022 circa
1125 2940 1326 3040 superficiem
1344 2954 1412 3019 sitoe
1433 2950 1487 3016 vel

199 3058 299 3142 magis
313 3058 362 3122 vel
375 3060 479 3125 mimis
499 3062 541 3125 ad
562 3063 668 3127 Solem
681 3064 865 3143 allicientur,
882 3062 974 3151 quim
989 3076 1091 3129 totum
1105 3063 1217 3129 Terrae
1232 3084 1356 3147 corpus,
1379 3060 1488 3147 prouti

200 3163 251 3226 vel
271 3164 373 3228 minus
395 3167 446 3231 vel
465 3170 565 3255 magis
588 3171 649 3235 siut
668 3183 796 3238 remote
815 3194 836 3235 a
856 3171 939 3249 Sole,
955 3169 1048 3255 quim
1069 3181 1212 3237 centrum
1230 3169 1351 3233 Terrae.
1397 3168 1488 3233 Hinc

200 3274 296 3359 igitur
320 3276 366 3354 fit,
393 3291 429 3342 ut
452 3277 522 3343 hoec
545 3278 656 3343 eadem
679 3280 726 3343 vis
751 3279 793 3344 ad
820 3279 927 3345 Solem
951 3280 1082 3345 tendens
1110 3300 1224 3364 aquam
1252 3276 1350 3341 modi)
1374 3276 1484 3363 magiS,

201 3382 298 3445 modo
318 3386 421 3449 minus
442 3386 554 3464 multat,
577 3409 619 3451 ex
640 3388 702 3472 qui
723 3386 841 3451 alterni
864 3388 985 3451 actione
1003 3398 1106 3451 motus
1127 3385 1305 3469 reciprocus
1327 3385 1361 3447 in
1381 3382 1486 3447 fluidis

201 3489 378 3555 necessarii>
405 3492 480 3555 oriri
508 3492 610 3557 debet
669 3490 829 3568 Quocircai
856 3492 917 3557 ista
946 3492 1027 3557 Solis
1055 3492 1102 3555 vis
1130 3491 1164 3554 in
1188 3489 1336 3576 praesenti
1359 3490 1486 3576 negotio

202 3598 383 3682 neutiquam
407 3598 524 3685 negligi
541 3599 666 3683 poterit,
693 3596 766 3665 crim
791 3622 838 3676 ea,
865 3600 892 3663 si
916 3597 996 3663 forte
1018 3598 1086 3663 sola
1114 3620 1238 3662 causam
1268 3596 1362 3661 uestris
1390 3594 1486 3658 maria

202 3725 267 3766 non
289 3705 457 3781 coustituit,
480 3703 564 3769 certe
585 3705 730 3771 effectum
750 3706 882 3771 aunum
898 3705 1011 3773 virium
1024 3703 1201 3771 necessarii>
1215 3703 1339 3769 afficere
1360 3723 1398 3765 ac
1417 3711 1485 3765 tur-

203 3811 421 3877 merebere
1266 3859 1270 3880 ,
1497 3788 1501 3812 ’

246 3922 270 3999 §.
286 3927 316 3981 9.
340 3918 616 3995 Quemadmodrim
638 3938 742 3989 autem
764 3925 865 3989 Terra
887 3946 960 3989 carm
981 3924 1124 3991 omnibus
1140 3924 1204 3989 suis
1217 3923 1358 4008 partibus
1379 3918 1488 3985 versia

207 4025 312 4088 Solem
333 4028 534 4108 sollicitatum
556 4034 599 4097 ita
621 4055 729 4097 eorum
743 4034 896 4099 sententia
916 4055 980 4097 non
995 4032 1128 4098 multrim
1142 4056 1162 4097 a
1175 4032 1304 4097 veritate
1319 4032 1489 4097 abhorrere

206 4132 339 4211 videtur,
366 4136 419 4220 qui
444 4138 478 4199 in
503 4138 595 4202 Luni
621 4138 753 4203 similem
777 4142 840 4203 vim
870 4140 1033 4205 collocant.
1094 4138 1337 4203 Observationes
1363 4136 1489 4229 quidem

205 4241 382 4329 hujusmodi
391 4246 455 4309 vim
469 4246 503 4309 in
518 4247 610 4311 Luni
625 4270 690 4312 non
705 4248 920 4313 demonstrant
935 4248 1025 4311 sicuti
1039 4248 1072 4311 in
1087 4247 1180 4322 Sole3
1202 4245 1276 4310 crim
1289 4230 1392 4311 motus
1405 4245 1487 4308 Ter·

203 4372 250 4413 1oe
264 4353 298 4414 in
312 4352 412 4416 orbiti
428 4352 482 4417 sui
497 4376 517 4415 a
531 4354 623 4418 Luni
639 4354 767 4418 omnini)
781 4376 846 4417 non
861 4354 942 4417 affici
963 4352 1233 4437 deprehendatur:
1257 4352 1312 4417 sed
1328 4354 1355 4417 si
1376 4353 1490 4417 docue-

204 4460 304 4524 rimus
319 4460 451 4524 eandem
465 4461 528 4523 vim
542 4460 583 4525 ad
598 4460 724 4526 Lunam
737 4461 963 4543 respicientem,
988 4480 1058 4543 quae
1071 4460 1163 4522 aestui
1177 4460 1271 4523 maris
1285 4456 1491 4544 producendo
1517 4450 1522 4461 ’

204 4567 246 4631 sit
266 4586 334 4649 par,
357 4567 391 4627 in
411 4580 499 4629 motu
521 4566 633 4629 Terrae
655 4567 773 4630 nullam
795 4564 972 4629 sensibilem
987 4565 1173 4629 anomaliam
1187 4566 1361 4649 producere
1375 4562 1488 4637 valere,

206 4671 347 4758 audacia.
371 4694 442 4747 quae
463 4670 543 4738 forte
564 4674 598 4735 in
620 4673 690 4737 talis
711 4673 757 4737 vis
778 4672 965 4755 admissione
981 4672 1149 4737 consistere
1163 4672 1339 4749 videbatur,
1359 4666 1492 4737 multllm
