3384 5459
296 414 360 472 286
527 404 794 480 INQUISITIO
817 404 1021 471 PHYSICA
1043 400 1094 469 ΓΝ
1117 404 1313 473 clusam

295 580 363 645 uim
376 580 547 644 minimam.
592 578 738 644 Tertium
751 580 886 665 denique
906 602 1006 667 genus
1020 578 1271 643 observationum
1285 579 1326 643 ad
1340 578 1444 664 ipsum
1457 596 1588 649 motum

294 691 390 753 maris
414 691 609 774 reciprocum
634 700 761 774 spectat,
787 690 887 774 iisque
909 688 1132 753 determinatur
1153 687 1268 774 quanti
1289 688 1446 753 celeritate
1468 692 1586 777 quovis

293 786 443 880 temporis
467 776 626 859 momento
648 796 767 861 alterna
789 797 885 860 maris
910 796 1039 860 elevatio
1064 819 1101 861 ao
1122 796 1281 880 depressio
1302 796 1492 875 absolvatur,
1512 800 1585 864 sive

293 918 511 969 momentanea
529 905 672 981 mutatio,
694 903 769 967 dum
790 924 878 967 marc
899 926 919 966 a
935 904 1022 967 fluxu
1036 903 1078 967 ad
1091 904 1246 969 refluxum
1260 884 1371 967 mansit
1383 917 1422 969 et¹
1429 904 1581 985 vicissim,

292 1014 504 1101 investigatur.
548 1014 674 1089 Quibus
699 1013 798 1078 tribus
823 1012 916 1077 rebus
942 1010 1014 1077 crim
1034 1013 1264 1079 observationes
1286 1013 1580 1079 convenientissime

291 1122 502 1198 instimanmr,
517 1121 629 1184 iisdem
643 1120 764 1185 theoria
777 1133 871 1206 atque
885 1119 1049 1204 explicatio
1067 1120 1346 1204 phaenommomm
1359 1122 1579 1188 commodissi-

291 1228 343 1292 md
358 1214 555 1293 'mmabitun
600 1230 650 1291 Ac
671 1228 781 1310 primae
801 1226 927 1312 quidem
945 1238 976 1291 et
990 1226 1089 1290 tertiae
1102 1226 1185 1310 parti
1205 1248 1265 1309 pro
1278 1228 1384 1291 nostri
1404 1226 1578 1313 hypothesi

290 1340 323 1402 in
336 1338 586 1423 precedentibus
602 1336 765 1422 Capitibus
779 1335 903 1401 abunde
918 1333 1106 1399 satisfactum
1119 1334 1250 1399 videtur.

333 1452 357 1529 §-
376 1454 431 1510 58.
462 1446 622 1521 Quoniam
644 1456 748 1507 autem
772 1466 792 1506 a
816 1442 909 1505 maris
934 1441 1043 1505 inertii
1066 1440 1194 1526 aliisque
1215 1441 1453 1505 circumstantiis
1474 1446 1573 1509 maris

288 1564 410 1616 momm
425 1551 620 1615 turbantibus
634 1572 743 1613 omncs
757 1550 958 1637 cogitationes
974 1547 1076 1613 adhuc
1086 1546 1302 1623 abstrahimus,
1316 1547 1513 1613 manifestum
1523 1564 1574 1617 est

288 1658 404 1744 ubique
425 1658 605 1733 Terrarum,
620 1656 726 1720 sisela
747 1656 849 1721 Lunoe
864 1656 909 1719 vis
924 1677 1009 1719 mare
1021 1654 1162 1739 agitaret,
1178 1674 1290 1737 aquam
1305 1651 1440 1715 maxime
1456 1654 1572 1721 elevari

288 1764 404 1829 debere
424 1762 496 1827 crim
517 1765 610 1828 Luna
626 1764 665 1827 ab
679 1763 838 1827 horizonte
852 1760 1030 1849 longissime
1044 1758 1137 1823 fuerit
1150 1770 1278 1835 remota,
1294 1758 1354 1821 hoc
1369 1774 1416 1823 est
1434 1762 1471 1823 iis
1494 1765 1570 1848 ipsis

287 1871 454 1934 momentis
475 1870 587 1956 quibus
610 1869 702 1933 Luna
723 1890 780 1951 per
800 1867 1005 1931 meridianum
1020 1866 1084 1929 dati
1105 1864 1166 1927 loci
1188 1876 1250 1926 tam
1265 1884 1360 1946 supra
1373 1862 1467 1948 quim
1488 1867 1571 1933 infre

288 1978 422 2041 Terram
435 1977 565 2040 transit:
588 1988 661 2039 sunt
680 1976 764 2038 enim
786 1974 970 2037 elevationes
985 1995 1075 2059 aquae
1090 1972 1121 2035 in
1136 1968 1293 2055 duplicati
1309 1970 1427 2033 ratione
1441 1972 1568 2037 sinuum

287 2085 504 2149 distantiarum
527 2084 630 2148 Lunae
643 2084 684 2148 ab
703 2084 874 2161 horizonte,
898 2106 938 2149 ex
953 2107 1015 2169 quo
1030 2086 1118 2151 simul
1136 2088 1308 2150 successiva
1321 2085 1415 2149 maris
1429 2106 1568 2149 commo-

285 2195 331 2257 tio
354 2194 561 2280 cognoscitur.
582 2212 589 2222 ·
607 2193 816 2277 Excipiuntur
837 2206 942 2258 autem
963 2194 1047 2271 hinc,
1071 2208 1106 2260 ut
1122 2197 1188 2281 jam
1203 2198 1387 2273 notavimus,
1403 2197 1471 2259 loca
1486 2196 1567 2278 polis

286 2299 397 2366 Terrae
417 2301 572 2384 proxima,
596 2300 708 2386 quibus
730 2300 824 2365 Luna
844 2301 895 2365 vel
914 2322 979 2365 uon
1000 2301 1098 2365 oritur
1113 2302 1163 2367 vel
1183 2324 1246 2367 non
1262 2302 1394 2379 occidit3
1417 2303 1461 2366 ibi
1482 2302 1568 2367 enim
1678 2316 1679 2335 ¹

284 2407 383 2471 altero
399 2408 501 2472 Lunoe
514 2408 557 2471 ad
570 2407 776 2475 meridianum
791 2408 925 2493 appulsu
939 2431 1020 2494 aqua
1034 2408 1128 2476 debet
1141 2432 1208 2473 esse
1223 2432 1352 2486 summa,
1375 2408 1473 2473 altero
1492 2408 1565 2471 ima.

285 2516 405 2581 Verrlm
420 2519 461 2581 de
472 2518 523 2581 his
537 2518 613 2582 locis
628 2540 693 2581 non
707 2518 876 2587 admodum
890 2521 1005 2585 erimus
1020 2521 1161 2597 solliciti3
1177 2520 1249 2587 otim
1260 2536 1323 2587 tam
1334 2522 1567 2586 observationes
1676 2592 1677 2617 i

283 2621 478 2700 sufficientes,
493 2624 608 2709 quibas
622 2622 742 2688 theoria
754 2625 916 2709 probetur,
930 2620 1086 2703 deficiant,
1103 2626 1196 2712 quim
1211 2630 1277 2713 ipse
1291 2628 1386 2691 maris
1400 2639 1504 2689 motus
1518 2626 1567 2687 in-

282 2729 403 2793 dicatus
416 2731 529 2794 rationi
543 2731 584 2795 sit
596 2744 831 2809 consentaneus,
845 2754 948 2818 neque
962 2733 1197 2799 confirmatione
1211 2734 1359 2821 indigeat.
1398 2733 1437 2797 In
1452 2732 1566 2797 Terrae
1677 2766 1678 2781 κ

282 2834 358 2897 locis
382 2858 459 2922 ergo
481 2859 504 2899 a
526 2837 608 2920 polis
626 2838 701 2901 satis
721 2838 849 2902 remotis
870 2860 924 2903 seu
946 2851 1035 2903 extra
1055 2840 1186 2904 circulos
1208 2842 1330 2925 polares
1352 2840 1428 2915 sitis,
1450 2838 1564 2925 quibus

282 2940 377 3005 Luna
389 2941 551 3006 intervallo
571 2950 614 3007 24
635 2942 668 3007 h.
684 2945 745 3007 48'.
760 2957 824 3007 tam
845 2945 945 3009 oritur
959 2944 1051 3030 quim
1066 2946 1141 3023 obit,
1165 2947 1336 3011 elevabitur
1351 2969 1436 3011 mare
1450 2947 1564 3011 eodem
1676 3018 1677 3023 γ

280 3051 430 3132 temporis
451 3050 616 3114 intervallo
641 3050 698 3127 bis,
725 3053 877 3138 totiesque
900 3052 1110 3137 deprimetu13
1147 3066 1239 3140 atque
1268 3068 1399 3139 utroque
1427 3055 1564 3117 maxima

280 3152 375 3216 maris
396 3154 529 3217 altitudo
549 3157 718 3242 continget,
735 3155 813 3221 -crim
835 3157 929 3221 Luna
943 3158 983 3221 ad
998 3158 1205 3225 meridianum
1226 3159 1307 3223 illius
1330 3161 1392 3224 loci
1410 3160 1560 3245 pervenit,

280 3260 410 3324 minima
424 3260 498 3324 verb
513 3259 586 3325 crim
601 3261 695 3325 Luna
707 3260 899 3327 horizontem
915 3265 1046 3351 attingit.
1093 3266 1181 3329 Hinc
1195 3266 1290 3353 igitur
1305 3266 1454 3351 temporis
1469 3267 1563 3329 inter-

280 3367 397 3431 vallum
417 3368 499 3431 inter
519 3367 610 3431 binos
625 3390 715 3453 aquae
728 3368 833 3433 fluxus
846 3392 903 3433 seu
919 3392 1054 3437 summas
1069 3371 1257 3435 elevationes
1279 3373 1473 3457 interjectum
1487 3392 1564 3435 oon·

279 3488 397 3539 stanter
410 3474 471 3539 erit
494 3483 532 3538 12
552 3474 585 3545 h.
601 3478 662 3539 at‘.
677 3475 717 3539 ab
737 3475 901 3541 anomaliis
923 3468 1026 3541 Lunae
1040 3491 1175 3541 mentem
1189 3477 1416 3552 abstrahend03
1440 3488 1472 3541 st
1485 3490 1563 3541 tem·

279 3608 338 3671 pus
353 3606 483 3649 summae
496 3582 714 3669 depressionis,
736 3583 810 3650 crim
824 3584 1010 3669 respondeat
1024 3586 1167 3669 appulsui
1188 3585 1289 3649 Lunae
1304 3584 1344 3649 ad
1359 3585 1561 3661 horisontem,
1674 3628 1675 3645 t

280 3698 361 3761 inter
381 3697 471 3760 binas
492 3694 678 3759 elevationes
698 3696 860 3781 aequaliter
873 3718 937 3759 non
953 3696 1153 3779 interjacebit,
1170 3695 1226 3759 sed
1240 3695 1329 3758 alteri
1343 3692 1510 3759 elevationi
1524 3688 1563 3753 ed

280 3808 339 3871 erit
360 3804 498 3891 propiris,
522 3804 585 3891 qud
598 3805 699 3889 major
712 3805 807 3869 fuerit
820 3803 892 3868 crim
912 3805 974 3869 loci
987 3804 1137 3889 propositi
1152 3804 1281 3867 elevatio
1295 3800 1360 3887 poli
1376 3814 1443 3865 tum
1461 3800 1561 3862 itunae

279 3916 455 3991 declinatio,
470 3915 532 3979 hoc
546 3926 593 3977 est
607 3914 669 4001 qud
683 3917 782 3999 majus
796 3914 889 3979 fuerit
900 3904 1063 3979 discrimen
1078 3918 1158 3979 iuter
1168 3928 1272 3979 ortum
1284 3914 1442 3979 obitumve
1458 3912 1560 3977 Lunae

280 4022 479 4089 etcirculum
491 4022 652 4085 horarium
667 4036 799 4087 sextum.
830 4060 835 4067 ·

250 4132 257 4147 ⁸
320 4136 415 4211 §.52
438 4128 501 4195 Sed
524 4130 749 4216 conjungamus
763 4152 836 4193 cum
852 4129 944 4193 Luni
967 4132 1030 4193 vim
1053 4130 1147 4207 Solis,
1171 4143 1206 4193 ut
1219 4142 1335 4193 nostrae
1350 4126 1563 4219 conclusiones

279 4238 442 4324 nmgisad
463 4238 693 4302 observationes
714 4238 935 4323 perducantur.
980 4240 1029 4301 Ac
1048 4238 1150 4323 primi)
1166 4238 1291 4325 quidem
1306 4236 1502 4301 manifestum
1516 4244 1564 4296 est

279 4356 420 4428 tempore
445 4358 509 4407 tam
532 4345 683 4407 novilunii
709 4344 802 4429 quim
827 4345 990 4429 plenilunii
1014 4366 1127 4429 aquam
1152 4343 1287 4407 maximi
1312 4342 1378 4406 fore
1401 4341 1561 4415 elevatam,

279 4452 407 4538 quando
428 4453 523 4517 Luna
541 4476 599 4538 per
620 4454 827 4517 meridianum
847 4454 909 4517 loci
930 4454 1048 4531 transit,
1072 4455 1187 4539 quippe
1209 4476 1272 4540 quo
1292 4464 1450 4516 momento
1471 4450 1562 4514 etiam

279 4561 336 4625 Sol
356 4560 398 4624 ad
419 4560 554 4623 eundem
574 4562 781 4655 meridianum
796 4562 935 4647 appellit,
959 4562 985 4623 si
1006 4562 1131 4647 quidem
1147 4562 1272 4648 syzygia
1283 4562 1355 4645 ipso
1370 4560 1501 4623 meridie
1516 4555 1564 4619 vel

279 4667 381 4731 medii
402 4679 495 4731 nocte
516 4664 702 4731 celebratur.
751 4668 967 4744 Quamobrem
993 4669 1019 4731 si
1044 4668 1236 4731 novilmrium
1261 4666 1507 4753 pleniluniumve
1531 4665 1564 4726 in
