3384 5459
158 450 238 517 Car.
256 450 319 531 ΙΙ.]
528 452 594 517 AD
617 450 839 516 TERTIUM
863 448 1062 517 LIBRUM.
1356 455 1445 519 xxvii

158 625 223 711 Aq
239 624 282 702 T,
306 622 350 689 itt
367 647 387 709 q
401 624 434 689 T
448 624 489 688 ad
504 625 535 689 A
549 624 591 702 T,
606 624 740 709 ideoque
754 645 795 687 ex
809 644 911 708 aequo,
935 622 1021 686 sinus
1040 621 1236 705 parallaxeos
1255 625 1287 688 A
1302 623 1336 699 Q
1352 624 1384 687 T
1399 636 1446 688 est

155 730 196 795 ad
217 732 322 795 sinum
343 730 539 815 parallaxeos
561 708 635 815 A,q
659 728 691 793 T
713 739 748 793 ut
768 751 791 815 q
813 728 844 791 T
859 726 900 790 ad
915 727 949 803 Q
964 727 1005 792 T.
1050 727 1103 791 Ex
1117 718 1180 812 quo
1195 729 1289 791 etiam
1305 729 1445 815 sequitur

157 839 294 905 siderum
315 839 348 901 in
370 838 481 902 eidem
502 837 665 901 altitudine
686 848 857 921 apparente
877 836 1091 913 existentium,
1105 834 1198 921 hujus
1213 838 1364 922 majorem
1377 848 1446 903 osse

157 946 339 1032 parallaxim
355 945 441 1031 quod
455 943 558 1008 mimis
572 944 667 1009 ‹listat
680 966 700 1007 a
713 956 822 1009 centro
836 956 939 1008 terrae.

198 1066 250 1120 33.
275 1054 448 1119 Parallsxis
473 1052 654 1130 altitudinis,
679 1053 724 1115 uti
747 1052 787 1117 de
813 1050 1001 1117 refractione
1025 1050 1143 1117 dictum
1167 1064 1225 1131 est,
1255 1051 1366 1119 sideris
1390 1054 1445 1121 de·

157 1163 362 1239 clinationem,
392 1161 604 1226 ascensionem
633 1172 760 1237 rectam,
792 1158 1022 1248 longitudinem
1047 1173 1079 1224 et
1103 1160 1300 1225 latitudinem
1324 1175 1443 1241 mutat3

156 1271 317 1337 eteoclem
338 1270 438 1335 modo
460 1293 523 1357 quo
544 1292 585 1334 ex
606 1268 791 1335 refractione
814 1270 987 1334 altitudinis
1013 1270 1216 1337 inveniuntur
1238 1271 1308 1335 aliae
1329 1271 1446 1336 refrac-

155 1381 275 1445 tiouum
289 1378 418 1465 species,
434 1379 478 1443 sic
493 1399 534 1443 ex
548 1376 621 1443 data
636 1376 790 1463 parallaxi
804 1376 977 1442 altitudinis
993 1392 1145 1444 eruuntur
1158 1380 1333 1464 parallaxes
1348 1380 1444 1445 decli·

154 1489 297 1566 nationis,
328 1486 517 1552 ascensionis
535 1498 651 1569 rectae,
682 1485 887 1574 longitudinis
917 1499 948 1551 et
977 1487 1169 1566 latitudinis3
1207 1489 1284 1554 illud
1319 1513 1444 1578 quoque

154 1596 382 1663 observandum
404 1606 451 1659 est
472 1594 581 1659 sideris
602 1594 636 1657 in
655 1593 827 1669 meridiano
849 1594 1011 1659 existentis
1025 1595 1144 1659 nullum
1165 1618 1234 1661 esse
1255 1598 1444 1663 ascensionis

154 1720 246 1772 rectae
269 1706 486 1771 refractionem
505 1726 564 1769 nec
584 1702 786 1789 parallaxim3
811 1700 885 1769 ciuu
908 1703 992 1767 enirn
1011 1702 1183 1769 altitudinis
1198 1704 1343 1771 refractio
1357 1706 1444 1771 sidus

155 1798 284 1895 attollat,
314 1829 346 1881 et
374 1814 544 1880 altitudinis
573 1813 740 1899 parallaxis
765 1811 844 1877 illud
874 1812 1039 1897 deprimat,
1069 1812 1103 1877 in
1129 1814 1241 1879 eodem
1269 1814 1445 1880 meridiano

156 1904 208 1989 seu
231 1922 351 1989 circulo
375 1922 589 1988 declinationis
617 1926 687 2006 (per
709 1921 801 2007 hyp.)
825 1922 965 1985 ascensio
991 1935 1077 1987 recta
1100 1923 1174 1988 inde
1200 1948 1266 1989 non
1291 1936 1441 1989 mutatur.

158 2031 306 2098 Similiter
330 2033 358 2095 si
383 2031 517 2097 circulus
538 2030 691 2095 verticalis
713 2030 747 2093 in
768 2052 832 2117 quo
853 2029 940 2095 sidus
962 2031 1116 2116 reperitur
1140 2032 1181 2097 sit
1205 2034 1247 2099 ad
1269 2034 1444 2118 eclipticam

154 2142 432 2228 perpendicularis,
449 2140 537 2206 nulla
550 2142 609 2206 erit
623 2139 827 2228 longitudinis
843 2138 989 2205 refractio
1002 2140 1150 2228 nullaque
1163 2142 1350 2228 parallaxis3
1370 2164 1444 2209 nam

155 2249 187 2311 in
199 2248 261 2313 hoc
276 2271 352 2313 casu
366 2248 500 2312 circulus
515 2246 669 2311 verticalis
685 2258 732 2311 est
746 2246 839 2310 simul
855 2246 989 2310 eirardus
1002 2247 1187 2327 latitudinis,
1211 2261 1243 2315 et
1257 2249 1396 2315 siderum
1410 2250 1445 2314 iu

156 2357 264 2421 eodem
278 2356 450 2421 latitudinis
466 2355 584 2420 circulo
598 2354 798 2420 existentium
813 2354 979 2441 longitudo
993 2368 1041 2419 est
1054 2356 1173 2421 eadem.

198 2474 249 2529 34.
272 2463 359 2534 Datis
379 2462 553 2529 differentid
576 2460 781 2550 longitudinis
801 2462 943 2525 locorum
965 2462 1099 2527 duorum
1114 2465 1147 2527 in
1162 2464 1326 2551 superficie
1339 2478 1442 2545 terrra,

157 2594 210 2637 seu
235 2573 311 2638 dato
335 2594 410 2637 arcu
436 2571 605 2659 aequatoris
631 2572 713 2635 inter
735 2570 878 2634 locorum
899 2571 1024 2635 illorum
1046 2572 1234 2638 meridianos
1258 2575 1443 2661 intercepto,

158 2680 247 2745 datur
268 2692 393 2767 tempus
415 2702 478 2766 quo
503 2678 558 2745 Sol
578 2678 628 2742 vel
649 2677 738 2743 stella
752 2676 817 2741 fixa
831 2677 872 2741 ab
886 2700 952 2743 uno
965 2679 1139 2744 meridiano
1153 2681 1195 2745 ad
1209 2682 1341 2747 alterum
1355 2696 1444 2748 motu

157 2788 269 2853 diurno
290 2787 401 2853 transit
422 2788 512 2873 (16);
535 2798 567 2851 et
587 2784 661 2851 inde
683 2784 808 2848 definiri
828 2796 934 2869 potest
953 2798 1061 2851 utrum
1079 2788 1314 2855 observationes
1333 2790 1367 2855 in
1381 2790 1443 2857 illis

159 2894 280 2958 duobus
302 2894 379 2958 locis
400 2892 527 2971 habitae,
550 2890 761 2977 respondeant
780 2888 882 2954 eidem
902 2892 1052 2975 temporis
1074 2893 1210 2958 absolmi
1228 2908 1389 2962 momento
1402 2920 1444 2963 an

157 3024 228 3068 non.
285 3003 390 3067 Facile
416 3003 500 3068 idem
525 3002 692 3067 innotescit
719 3023 776 3087 per
803 3000 906 3066 Lunae
930 3012 963 3065 et
987 3000 1074 3067 Jovis
1100 3004 1267 3069 satellitum
1292 3008 1443 3093 eclipses,

158 3111 267 3176 eodem
286 3111 371 3176 enirn
392 3123 550 3175 momento
574 3112 722 3195 temporis
744 3109 867 3193 eclipsis
881 3109 940 3172 ini-
1048 3152 1052 3161 ·

156 3222 232 3285 tium
246 3242 284 3285 ac
296 3204 381 3298 linis,
401 3232 432 3284 et
442 3219 637 3283 macularum
649 3219 682 3281 in
694 3216 785 3281 Lumi
798 3229 943 3281 notarum

156 3330 313 3394 immersio
330 3329 363 3393 in
378 3328 521 3392 umbram
543 3326 590 3391 vel
615 3326 748 3391 emersio
770 3348 809 3390 ex
830 3324 942 3390 umbri

156 3459 195 3502 ex
218 3436 364 3501 omnibus
390 3450 482 3501 terrae
503 3436 581 3501 locis
604 3433 687 3499 unde
711 3435 849 3519 conspici
869 3456 942 3519 pos·

156 3557 228 3611 sunt
251 3544 404 3623 videntur,
427 3544 520 3631 atque
535 3567 577 3609 ex
592 3544 641 3607 his
656 3543 871 3628 phaenomanis
882 3540 941 3605 dif-

156 3653 288 3718 ferentia
308 3652 512 3740 longitudinis
538 3652 680 3715 locorum
706 3650 941 3714 determinatur.

158 3761 222 3825 His
232 3762 341 3845 positis
350 3762 376 3824 si
386 3784 426 3826 ex
436 3761 513 3825 locis
525 3759 647 3823 duobus
660 3759 691 3823 A
706 3770 738 3822 et
753 3757 792 3835 B,
805 3781 940 3843 quorum

160 3868 306 3935 distantia
330 3870 363 3935 A
386 3869 421 3935 D
448 3869 476 3933 B
502 3869 575 3933 data
595 3879 650 3945 est,
672 3866 873 3953 phaenomeui
893 3866 942 3931 vel

158 3978 266 4043 sideris
291 3977 319 4041 P
340 3978 373 4040 in
394 3976 490 4061 plano
506 3975 642 4040 verticuli
658 3976 689 4039 A
706 3975 734 4039 Ρ
750 3974 779 4039 Β
794 3974 836 4054 T,
859 3976 942 4039 exis·

156 4087 248 4151 tentis
271 4085 451 4151 altitudines
472 4095 656 4169 apparentes
670 4096 702 4147 et
716 4107 735 4146 a
749 4082 941 4149 refractioni-

158 4196 217 4260 bus
232 4195 340 4259 liberae
355 4194 527 4257 observatoe
541 4191 657 4255 fuerint
667 4191 778 4255 eodem
789 4203 939 4277 tempore,

153 4302 287 4369 inveniri
311 4301 428 4387 poterit
450 4300 558 4385 puncti
583 4300 611 4364 P
632 4298 799 4385 parallaxis
822 4312 853 4364 et
878 4300 942 4365 dis-

155 4412 253 4475 tantia
268 4434 287 4475 a
301 4424 409 4475 centro
424 4421 516 4474 terrae
532 4409 559 4474 P
575 4408 617 4474 Τ.
664 4408 747 4473 Nam
761 4430 819 4493 per
833 4408 940 4473 obser·

154 4518 311 4583 rationem
336 4518 507 4583 altitudinis
536 4518 713 4603 apparentis
739 4518 772 4581 in
798 4517 868 4581 loco
893 4519 935 4596 A,

156 4627 250 4692 datur
272 4629 406 4717 angulus
430 4630 459 4695 C
477 4630 508 4695 A
525 4630 563 4710 P,
586 4628 733 4695 distantia
753 4650 907 4749 apparens
921 4628 1031 4695 sideris
1049 4652 1070 4693 a
1089 4627 1204 4693 vertice
1218 4638 1251 4694 ct
1263 4624 1337 4692 inde
1351 4627 1443 4693 datur
