3384 5459
264 394 365 461 xxxiv
730 393 1065 465 INTRODUCTIO
1373 398 1474 480 [044.
1491 399 1555 466 111.

266 568 410 637 diametri
423 568 602 654 apparentis
618 568 730 646 Lunee,
746 580 814 635 tum
828 569 1003 637 velocitatis
1016 562 1115 657 ipsibe
1129 570 1163 637 in
1178 567 1242 643 uni
1256 569 1452 640 revolutione
1465 574 1556 639 oolli-

119 667 123 689 '
265 676 350 763 gitur
371 676 455 741 huno
476 676 633 762 planetam
647 676 737 747 rudio
749 676 791 743 ed
806 690 951 743 nentrum
961 691 1056 746 terroe
1069 679 1167 745 ducto
1181 700 1276 750 urens:
1284 678 1463 751 describere
1476 696 1557 747 tem.

260 784 394 869 poribus
410 784 532 849 circiter
546 784 807 869 proportionales.

308 900 360 956 43.
385 891 419 957 Si
440 889 544 977 itaque
565 890 746 957 observetur
767 890 858 986 locus
879 890 962 957 Solis
982 891 1017 955 in
1039 888 1195 976 Eeliptici
1215 891 1345 977 quundb
1367 905 1436 960 trun
1456 892 1555 978 ipsius

264 998 410 1069 velucitus
432 1008 500 1064 tum
522 996 672 1064 diameter
693 1020 847 1083 apparens
862 998 992 1064 minima
1004 1010 1062 1077 est,
1081 998 1210 1064 dubitur
1222 1011 1365 1085 tempore
1378 1000 1457 1066 deto-
1467 1002 1555 1067 locus

265 1105 400 1192 Apogaei
425 1105 507 1171 Solis
531 1111 570 1171 et'
588 1105 707 1173 collutis
736 1106 876 1192 plurium
898 1128 1055 1173 annornm
1081 1107 1352 1175 observationibus
1377 1111 1556 1176 innotesoet

191 1238 196 1249 ·
265 1214 400 1301 Apogaei
414 1227 517 1281 motus
531 1236 654 1279 annuus
669 1216 723 1301 qui
740 1214 832 1301 Juxti
845 1216 891 1281 D.
908 1216 1032 1282 Cossini
1045 1229 1093 1281 est
1111 1218 1135 1281 l'
1152 1219 1193 1281 2⁰
1207 1232 1241 1286 et
1256 1220 1332 1285 inde
1344 1242 1404 1305 per
1417 1242 1555 1312 propor-

256 1322 357 1391 tionis
371 1320 512 1408 regulum
525 1321 659 1393 babetur
673 1334 776 1389 motus
792 1322 929 1409 Apogaei
942 1344 1003 1407 pro
1017 1323 1158 1409 quolibet
1170 1324 1246 1392 dato
1264 1338 1417 1411 tempore.
1463 1328 1555 1393 Hinc

263 1431 290 1497 si
304 1442 446 1515 tempore
466 1428 575 1515 quovis
596 1429 778 1496 observetur
802 1429 885 1501 Solis
905 1428 1071 1517 longitudo
1091 1452 1177 1508 veru,
1198 1430 1326 1505 dabitur
1347 1432 1461 1516 eodem
1474 1446 1554 1499 tem·

261 1564 341 1627 pote
360 1542 449 1606 locus
464 1540 601 1628 Apogaei
616 1539 699 1605 Solis
713 1552 745 1604 et
758 1539 856 1624 ipsius
870 1538 1027 1606 unomelie
1039 1562 1114 1606 veru
1127 1522 1170 1605 ex
1184 1539 1247 1625 qui
1262 1552 1390 1613 ernetvnr
1410 1542 1554 1627 ejusdem

262 1650 419 1717 anomalia
428 1649 532 1715 medie
542 1654 612 1735 (per
624 1648 730 1715 Schol.
741 1648 783 1713 ud
794 1648 891 1734 Prop.
903 1648 1041 1715 XXXI.
1054 1648 1132 1717 14114.Δ
1142 1649 1184 1730 Ι.)
1193 1673 1231 1716 44
1241 1650 1377 1736 proinde
1387 1651 1554 1740 longitudo

260 1760 367 1825 medin
385 1758 550 1823 habebitur
570 1768 713 1841 tempore
731 1755 965 1821 observationis.
1011 1754 1097 1819 Hoec
1109 1756 1276 1843 longitudo
1289 1757 1395 1826 media
1408 1780 1551 1829 mum.

260 1886 313 1936 tur
333 1883 484 1957 tunquam
501 1868 594 1933 rndix
613 1890 668 1931 seu
689 1866 881 1952 principium
901 1877 1046 1931 motuum
1065 1865 1244 1932 mediorum
1259 1866 1347 1934 solis
1371 1877 1404 1931 et
1425 1879 1552 1952 tempus

258 1976 488 2043 observationis
506 1986 655 2061 unquun
676 1974 797 2061 epocha
814 1985 996 2058 temporum.
1012 1972 1190 2040 mediorum
1208 1953 1493 2059 oonpiuudomm
1518 1990 1551 2043 et

254 2086 335 2151 dato
349 2084 490 2171 quolibet
502 2082 565 2147 ulio
578 2095 720 2167 tempore
729 2081 977 2147 medioinveniri
990 2082 1107 2167 poterit
1120 2083 1241 2151 medius
1258 2084 1341 2151 Solis
1355 2096 1461 2150 motus
1476 2084 1554 2151 huic

259 2194 395 2280 tempori
422 2192 676 2280 proportionalis,
706 2205 738 2259 et
762 2190 837 2256 indd
866 2190 1033 2257 hebebitur
1061 2192 1160 2277 ipsius
1188 2192 1355 2281 longitudo
1383 2194 1490 2259 medio
1519 2207 1554 2261 et

260 2304 408 2369 distentis
431 2305 502 2390 eJus
512 2302 617 2367 medie
641 2302 682 2366 ab
709 2303 855 2388 Apogaeo
882 2323 939 2365 seu
967 2300 1123 2367 unomulin
1142 2301 1248 2367 medie
1272 2300 1402 2369 debitur
1421 2324 1465 2370 ex
1488 2302 1552 2388 quir

258 2410 376 2493 deinde
405 2423 533 2478 eruetur
561 2410 716 2477 anomalia
740 2421 912 2497 cumquotus,
942 2432 981 2475 uc
1008 2408 1150 2495 proinde,
1168 2410 1335 2499 longitudo
1362 2434 1438 2479 veru
1468 2411 1553 2479 Solis

259 2520 437 2585 habebitur.

249 2637 253 2645 “
302 2636 354 2693 44.
378 2626 465 2705 Quis
484 2625 561 2692 verb
579 2625 647 2699 dies
664 2596 788 2691 8414444
803 2635 877 2689 sunt
890 2624 1060 2710 inaequnler
1074 2627 1156 2711 (15),
1171 2648 1299 2693 neeesse
1312 2639 1362 2694 est
1375 2640 1412 2695 ut
1425 2639 1551 2713 ternpus
1686 2671 1687 2686 .

258 2754 411 2819 apparens
433 2732 520 2820 quod
540 2732 651 2797 diebus
673 2730 826 2799 solaribus
848 2742 980 2808 4444141,
1001 2730 1080 2795 fluet
1093 2731 1178 2795 euim
1192 2733 1432 2819 inmuebiliter.
1475 2732 1550 2799 Dif-

258 2842 391 2912 ferentiu
411 2864 483 2929 quoe
504 2855 554 2907 est
573 2842 654 2907 14144
676 2853 799 2925 tempus
819 2861 974 2925 apperens
995 2860 1051 2903 seu
1072 2862 1182 2903 verum
1199 2852 1232 2910 et
1254 2853 1380 2927 tempus
1394 2840 1550 2928 oequubile

259 2974 315 3017 seu
335 2950 475 3015 medium
496 2948 612 3015 dieitur
625 2946 761 3033 aequutio
775 2946 926 3030 temporis
941 2943 1003 3030 qud
1018 2944 1195 3033 indigemus
1209 2958 1246 3011 ut
1260 2958 1384 3033 tempus
1407 2946 1551 3011 medium
1685 3039 1686 3042 Ἴ

257 3066 456 3124 eonvertatur
470 3056 504 3121 in
517 3067 642 3140 tempus
652 3074 806 3138 apperens
817 3066 850 3117 et
859 3053 927 3115 vice
937 3052 1036 3131 versi,
1048 3052 1184 3140 ideoque
1194 3066 1232 3120 ut
1238 3055 1369 3121 invento
1381 3056 1454 3122 looo
1465 3054 1550 3120 Solis

257 3188 317 3255 pro
331 3178 474 3252 tempore
487 3165 601 3243 medio,
610 3164 792 3237 invenietur
807 3163 976 3247 etiampro
989 3173 1132 3248 tempore
1145 3185 1223 3237 vero
1236 3176 1270 3230 et
1281 3162 1403 3231 4441441.

300 3283 353 3339 45.
393 3274 442 3339 Sit
469 3272 511 3353 T,
541 3273 623 3341 Coeli
648 3284 680 3338 et
705 3270 816 3344 Terre
844 3282 987 3333 oentrum

259 3383 291 3448 T
318 3382 354 3461 Ζ,
380 3380 512 3466 planum
536 3378 697 3446 immobile
724 3377 832 3443 oirouli
857 3376 987 3461 nlicujus

258 3486 986 3573 horuii,an÷Naequanr,oS·or

108 3589 111 3597 ’
166 3642 169 3656 ·
258 3596 413 3682 ecliptica,
441 3598 465 3663 S
496 3596 562 3674 Sol,
592 3607 624 3654 ‘t'
657 3597 680 3663 S
711 3594 794 3661 Solis
821 3592 989 3681 longitudo

260 3729 344 3785 vm,
367 3716 434 3770 ‘rs
457 3704 596 3790 ejusdem
616 3702 781 3790 longitudo
799 3695 988 3780 4144411444ιί

259 3815 387 3902 equalis
402 3812 543 3899 capietur
558 3832 649 3878 44444
663 3810 830 3897 sequereris
845 3821 877 3869 ‘v
894 3808 945 3886 M,
955 3821 988 3873 et

259 3934 291 3983 ‘l'
308 3924 343 3989 D
366 3924 406 3989 sit
430 3920 512 3988 Solis
529 3919 670 3990 assensio
688 3930 774 3993 44444
787 3939 871 3995 vern.
916 3917 988 3983 Du·
1035 3916 1073 3977 ’Υ

260 4042 372 4097 cuntur
393 4030 435 4095 nd
455 4040 573 4114 puncta
593 4026 721 4119 44441114
743 4025 783 4091 M
805 4037 838 4089 et
857 4024 892 4090 D
906 4024 987 4090 redii

260 4138 428 4225 oequetoris
443 4136 475 4205 Τ
488 4138 527 4201 M
542 4148 575 4203 et
588 4134 620 4199 T
630 4134 663 4199 D
678 4134 733 4220 qui
747 4154 871 4218 semper
880 4153 988 4199 move·

259 4258 351 4312 untur
366 4266 439 4309 curn
452 4244 577 4329 punctis
593 4242 633 4307 M
644 4256 676 4309 et
686 4241 730 4319 D,
746 4242 780 4305 in
794 4262 989 4328 consequen,

258 4353 311 4419 tin.
374 4351 543 4427 Quoniam
571 4362 710 4435 equatur
745 4370 803 4434 per
832 4349 984 4419 <virtulum

255 4459 419 4531 horarium
448 4457 481 4522 T
510 4458 546 4533 Z,
577 4469 664 4521 motu
693 4456 840 4544 aequabili
868 4457 983 4521 diurno

258 4567 372 4661 nempe
387 4566 493 4654 quirit
506 4566 547 4631 ab
560 4564 727 4641 orientein
742 4564 946 4645 recidentem,
962 4563 1092 4646 transit3
1108 4566 1134 4631 si
1148 4578 1302 4652 punctum
1312 4568 1347 4633 D
1357 4563 1551 4633 ascensionis
