3384 5459
518 444 581 511 ET
603 444 858 512 REFLUXUS
881 445 1040 511 MARIS.
1357 455 1420 513 239

127 624 217 677 motu
240 612 343 677 Lunoe
364 611 550 690 conferatur,
574 636 787 700 supponamus
806 615 916 678 orbem
938 616 1080 679 lunarem
1102 614 1182 703 aqud
1205 614 1366 702 compleri,
1389 631 1422 683 et

127 746 306 808 quaeramus
322 745 484 786 ascensum
505 722 597 807 hujus
612 746 703 808 aquae
724 744 781 806 per
805 724 899 807 Prop.
918 722 976 786 IV.
993 736 1024 787 et
1039 724 1078 786 V.
1125 724 1164 789 In
1182 724 1276 808 Prop.
1296 724 1336 789 V.
1353 738 1422 791 erat

128 831 268 895 visvad
288 853 319 915 g,
344 842 379 893 ut
397 840 409 893 l
429 830 470 894 ad
495 837 565 906 178,
584 837 666 904 7253
689 828 1230 919 quareinhoccasuforetxtdzt
1251 839 1342 895 l5v:
1361 840 1418 915 eg

127 976 174 989 —
189 939 271 1021 57151
295 952 321 1004 Χ
343 962 363 1001 v
377 962 404 1001 t:
423 948 437 1002 l
456 963 464 1000 z
482 948 599 1017 91,496
609 963 617 1001 ε
634 938 775 1023 adestque
789 940 948 1002 semi-axis
965 939 1075 1025 figurae
1090 940 1130 1002 ad
1146 941 1329 1003 semi-axem
1341 964 1417 1004 cou-

122 1044 270 1133 jugatum
286 1046 349 1131 (vel
362 1047 385 1110 d
404 1055 436 1122 -Ι-
455 1070 478 1110 x
494 1047 535 1110 ad
549 1047 571 1111 d
585 1085 629 1097 -
643 1048 678 1127 x)
697 1059 731 1110 ut
744 1054 863 1124 4634ss
887 1047 927 1111 ad
950 1056 1085 1124 45‚248;
1109 1071 1179 1134 quae
1194 1049 1258 1113 ferd
1274 1052 1422 1137 congruit

127 1176 203 1218 cum
218 1154 337 1217 ratione
351 1153 568 1218 distantiarum
583 1154 684 1219 Lunae
698 1154 732 1217 in
747 1154 943 1240 quadraturis
958 1168 989 1219 et
1003 1156 1136 1241 syzygiis
1152 1176 1245 1239 quam
1262 1156 1418 1242 Halleyus

129 1284 173 1327 ex
194 1262 462 1325 observationibus
484 1261 630 1337 deducit3
651 1260 732 1326 aded
751 1276 789 1327 ut
800 1263 905 1349 figura
918 1262 1030 1326 orbitae
1051 1262 1168 1327 lunaris
1184 1262 1288 1346 specie
1302 1264 1356 1327 vix
1371 1263 1421 1329 di-

128 1390 220 1433 versa
241 1368 282 1432 sit
302 1368 344 1431 ab
364 1366 401 1431 ei
423 1389 517 1454 quam
538 1367 651 1454 globus
666 1390 783 1455 aqueus
798 1368 960 1453 quiescens
983 1366 1085 1431 Lunoe
1106 1367 1240 1431 orbitam
1256 1369 1416 1453 complens
1441 1438 1443 1443 ,

130 1498 173 1539 ex
188 1476 218 1537 vi
235 1474 317 1539 Solis
332 1473 492 1549 indueret3
514 1473 618 1538 forent
632 1486 736 1539 tamen
757 1474 911 1559 positione
926 1473 1066 1553 diversae,
1083 1475 1237 1561 siquidem
1250 1474 1334 1540 illius
1349 1476 1419 1541 axis

128 1586 233 1648 minor
249 1582 356 1649 Solem
369 1584 522 1667 respiciat,
539 1582 631 1669 hujus
646 1586 712 1647 axis
727 1587 826 1670 major
840 1584 948 1650 versis
965 1585 1068 1651 Solem
1084 1585 1281 1672 dirigeretur.
1322 1587 1417 1653 Ratio

127 1692 252 1755 numeri
267 1699 308 1755 59
323 1689 365 1754 ad
380 1700 421 1755 60
438 1694 585 1777 (quarum
599 1689 865 1756 semi-differentia
880 1692 980 1755 estad
996 1693 1241 1755 sami-summam
1256 1706 1291 1756 ut
1307 1703 1326 1757 3
1341 1716 1362 1757 v
1376 1693 1416 1757 ad

128 1822 153 1885 g
174 1797 267 1883 quam
289 1799 446 1883 proxime)
461 1798 560 1882 probe
583 1799 727 1885 congruit
748 1821 819 1862 cum
841 1801 960 1864 ratione
983 1800 1181 1865 semi-axium
1196 1802 1309 1889 figurae
1324 1826 1420 1890 quam

132 1929 216 1991 aqua
230 1928 271 1969 ex
286 1907 317 1968 vi
333 1905 414 1971 Solis
428 1906 581 1981 indueret,
598 1906 625 1968 si
639 1905 685 1967 vis
706 1907 865 1992 gravitatis
881 1906 989 1969 eadem
1004 1918 1085 1971 esset
1098 1928 1155 1991 per
1170 1920 1268 1971 totam
1284 1909 1420 1973 circum-

128 2012 292 2077 ferentiam
308 2015 339 2076 A
350 2014 449 2090 Bab,
466 2026 501 2076 ut
514 2009 707 2076 ostendimus
722 2013 754 2075 in
771 2012 875 2078 Schol.
896 2022 923 2075 l.
942 2013 1036 2097 Prop.
1054 2013 1094 2077 V.
1139 2016 1296 2079 Ascensus
1311 2030 1417 2081 autem

128 2148 220 2211 aquae
238 2126 332 2209 Prop.
349 2125 389 2188 V.
405 2124 551 2187 definitus
567 2124 711 2208 congruit
724 2146 795 2187 cum
818 2122 854 2187 eti
878 2145 970 2209 quam
986 2146 1027 2187 ex
1042 2124 1312 2189 observationibus
1328 2128 1416 2191 colli-

128 2234 178 2317 git
209 2232 383 2315 Halleyus;
420 2229 504 2294 unde
533 2230 683 2314 suspicari
717 2229 788 2292 licet
816 2228 1022 2293 differentiam
1052 2230 1276 2295 diametrorum
1308 2233 1419 2296 orbitae

127 2337 248 2399 lunaris
269 2334 364 2420 pauli)
386 2336 454 2399 fieri
476 2336 626 2419 majorem
646 2356 687 2396 ex
708 2334 907 2397 decremento
929 2334 1088 2419 gravitatis
1111 2335 1214 2400 Luuae
1233 2338 1265 2398 in
1282 2337 1418 2403 Terram

130 2443 207 2505 dum
229 2444 340 2507 transit
360 2466 380 2505 a
400 2439 533 2529 syzygiis
554 2442 596 2504 ad
618 2440 831 2526 quadraturas,
857 2440 948 2503 simili
968 2438 1032 2504 sere
1053 2442 1173 2505 ratione
1188 2446 1249 2528 quai
1272 2466 1417 2509 ascensus

129 2574 220 2637 aquae
234 2552 351 2635 prodiit
365 2553 397 2613 in
411 2551 470 2615 hac
486 2549 704 2634 Propositione
718 2550 818 2632 major
837 2561 967 2632 propter
981 2570 1141 2612 excessum
1155 2550 1315 2635 gravitatis
1329 2572 1419 2636 aquae

128 2658 164 2721 iu
187 2656 321 2720 Terram
341 2658 374 2721 in
395 2658 466 2721 loco
483 2656 510 2720 B
526 2678 621 2740 supra
641 2654 738 2738 ipsius
752 2654 936 2741 gravitatem
951 2655 982 2715 in
998 2654 1068 2717 loco
1083 2657 1114 2718 A
1127 2656 1257 2741 aliisque
1272 2680 1291 2719 a
1305 2670 1413 2722 centro

131 2768 293 2831 distantiis.
339 2765 458 2831 Verdm
481 2764 635 2852 quidquid
656 2764 681 2826 si
698 2762 902 2848 judicandum
924 2763 964 2826 de
986 2764 1106 2827 ratione
1120 2764 1344 2827 diametrorum
1365 2786 1418 2827 or-

132 2881 208 2944 bitae
229 2881 355 2957 lunaris,
379 2902 419 2942 ex
441 2878 490 2942 bis
513 2877 658 2964 colligere
680 2875 752 2939 licet
778 2896 940 2938 ascensum
961 2896 1051 2959 aquoe
1074 2874 1169 2958 Prop.
1186 2874 1227 2936 V.
1251 2873 1418 2939 delinitum

130 2989 281 3072 majorem
301 2990 355 3051 vix
376 2986 507 3051 evadere
527 2997 658 3070 propter
677 2995 798 3047 motum
818 2982 929 3047 Terrae
944 2980 1090 3044 diurnum
1105 2982 1188 3045 circa
1207 3003 1298 3044 axem
1313 3004 1416 3047 suum.

133 3098 352 3181 Supponamus
368 3096 452 3160 euim
472 3094 557 3159 bunc
571 3106 691 3160 motum
706 3092 813 3179 augeri
833 3090 935 3189 donec
950 3091 995 3153 vis
1010 3090 1182 3178 centrilirga
1197 3114 1237 3155 ex
1252 3091 1312 3154 hoc
1327 3106 1416 3157 motu

131 3201 265 3264 oriunda
285 3202 341 3265 fiat
361 3200 490 3287 oequalis
511 3199 664 3286 gravitati,
687 3210 719 3262 et
738 3194 901 3282 particulae
916 3196 1008 3259 maris
1024 3196 1222 3259 revolvantur
1236 3196 1277 3261 ad
1293 3219 1415 3261 morem

132 3310 297 3372 satellitum
318 3311 351 3372 in
372 3310 480 3373 orbitis
503 3306 596 3393 quim
616 3305 759 3392 proxime
781 3305 981 3370 circularibus
997 3306 1130 3369 Terram
1150 3306 1414 3393 contingentibus.
1508 3376 1511 3389 Ι
1608 3370 1611 3381 ,

131 3416 200 3480 Hae
222 3419 332 3481 orbitae
353 3430 445 3482 erunt
466 3416 620 3500 ellipticae,
644 3434 776 3501 quarum
796 3436 871 3477 axes
893 3416 1029 3480 minores
1054 3416 1216 3499 productus
1238 3417 1415 3481 transibunt

130 3548 189 3611 per
212 3526 327 3591 Solem.
372 3526 462 3590 Etsi
484 3524 681 3589 semi-axium
703 3522 877 3586 differentia
892 3524 932 3586 sit
944 3523 985 3586 ad
1000 3523 1278 3588 semi-diametrum
1293 3524 1413 3587 medio-

132 3656 217 3698 crem
239 3646 274 3698 ut
297 3644 315 3698 8
333 3634 364 3697 V
385 3633 424 3698 ad
448 3634 481 3698 G
504 3630 688 3723 (secundiun
710 3655 747 3696 ea
768 3654 839 3719 quae
861 3632 901 3696 de
922 3628 1059 3696 motibus
1078 3634 1239 3697 lunaribus
1258 3634 1356 3698 tradit
1368 3633 1415 3697 vir

131 3743 339 3823 acutissimus)
362 3742 421 3806 erit
441 3742 544 3803 minor
565 3762 694 3804 ascensu
710 3762 799 3825 aquoe
814 3737 908 3822 suprd
922 3738 1051 3825 delinito
1069 3739 1162 3823 Prop.
1179 3739 1219 3803 V.
1242 3740 1276 3801 in
1290 3760 1353 3824 qua
1367 3739 1415 3801 in·

129 3850 272 3913 venimus
294 3856 314 3911 2
336 3870 359 3910 x
381 3868 447 3910 esse
468 3846 509 3908 ad
531 3844 553 3908 d
573 3856 609 3909 ut
633 3852 671 3909 15
694 3845 725 3907 V
746 3843 787 3908 ad
810 3854 829 3907 4
853 3845 896 3907 G.
943 3842 1085 3919 Quodsi
1107 3864 1283 3930 quaeramus
1300 3841 1415 3906 horum

130 3959 329 4023 semi-axium
351 3956 557 4021 differentiam
578 3976 619 4017 ex
640 3954 742 4040 figura
763 3954 874 4017 orbitae
896 3954 1012 4019 lunaris
1034 3953 1186 4040 quatenus
1208 3974 1249 4017 ex
1268 3952 1415 4016 observa-

130 4067 268 4132 tionibus
283 4066 449 4130 innotescit
463 4062 634 4129 secundium
654 4062 754 4127 claris.
772 4063 954 4149 Halleyum‚
977 4086 1089 4148 parum
1104 4064 1272 4127 admodum
1289 4083 1416 4146 supera-

129 4176 178 4241 bit
199 4197 360 4239 ascensnm
382 4195 471 4260 aquoe
494 4172 588 4257 supra
609 4172 781 4237 delinitum.
827 4172 896 4236 Nec
915 4173 1029 4235 mirum
1051 4174 1077 4235 si
1097 4195 1162 4236 non
1181 4170 1324 4236 accurate
1340 4192 1416 4235 con·

129 4283 265 4360 veniant,
289 4280 361 4345 edm
381 4280 517 4367 gravitas
540 4280 640 4343 Lunae
655 4276 762 4343 versds
777 4279 910 4343 Terram
927 4290 1072 4365 sequatur
1087 4280 1239 4343 rationem
1260 4280 1416 4342 inversam

129 4391 319 4476 duplicatam
348 4391 574 4467 distantiarum,
608 4390 742 4476 gravitas
772 4410 862 4473 aquae
891 4392 990 4473 major
1019 4410 1143 4473 quoque
1173 4390 1213 4451 sit
1241 4388 1274 4451 in
1303 4388 1414 4472 majori
1456 4384 1458 4391 '

129 4498 285 4574 distantia,
302 4499 357 4562 sed
371 4520 435 4561 non
450 4499 483 4560 in
497 4496 607 4560 eddam
621 4496 751 4559 ratione.
798 4492 881 4558 Cium
895 4493 964 4556 baec
978 4494 1185 4577 phaenomena
1200 4493 1260 4559 sint
1271 4494 1413 4578 analoga,

128 4623 162 4674 et
183 4608 243 4673 sibi
263 4608 374 4671 mutub
397 4608 532 4693 aliquam
546 4606 649 4669 lacem
663 4605 802 4681 afferant,
826 4603 896 4666 baec
911 4603 951 4666 de
965 4604 1002 4667 iis
1017 4604 1098 4667 inter
1113 4626 1146 4668 se
1161 4602 1280 4669 collatis
1295 4624 1415 4665 memo-

127 4742 201 4783 rare
220 4718 386 4783 videbatur
401 4738 507 4803 operoe
520 4716 675 4801 praetium.
723 4714 935 4799 supponimus
950 4724 1054 4779 tamen
1074 4712 1127 4777 hic
1142 4735 1232 4798 aquae
1246 4724 1366 4775 motum
1383 4710 1416 4771 in

754 4820 772 4867 8
782 4826 798 4867 2
