<?xml version="1.0" encoding="UTF-8"?>
<!DOCTYPE html PUBLIC "-//W3C//DTD XHTML 1.0 Transitional//EN"
    "http://www.w3.org/TR/xhtml1/DTD/xhtml1-transitional.dtd">
<html xmlns="http://www.w3.org/1999/xhtml" xml:lang="en" lang="en">
 <head>
  <title>
</title>
<meta http-equiv="Content-Type" content="text/html;charset=utf-8" />
  <meta name='ocr-system' content='tesseract 3.04.00' />
  <meta name='ocr-capabilities' content='ocr_page ocr_carea ocr_par ocr_line ocrx_word'/>
</head>
<body>
  <div class='ocr_page' id='page_1' title='image "./philosophinatur05wriggoog_0302.png"; bbox 0 0 3384 5459; ppageno 0'>
   <div class='ocr_carea' id='block_1_1' title="bbox 265 426 1301 509">
    <p class='ocr_par' dir='ltr' id='par_1_1' title="bbox 265 426 1301 509">
     <span class='ocr_line' id='line_1_1' title="bbox 265 426 1301 509; baseline -0.004 -12"><span class='ocrx_word' id='word_1_1' title='bbox 265 441 329 498; x_wconf 70' lang='lat'>256</span> <span class='ocrx_word' id='word_1_2' title='bbox 513 426 780 509; x_wconf 85' lang='lat' dir='ltr'>INQUISITIO</span> <span class='ocrx_word' id='word_1_3' title='bbox 803 426 1008 495; x_wconf 79' lang='lat' dir='ltr'>PHYSICA</span> <span class='ocrx_word' id='word_1_4' title='bbox 1030 428 1082 493; x_wconf 87' lang='lat' dir='ltr'>IN</span> <span class='ocrx_word' id='word_1_5' title='bbox 1106 426 1301 495; x_wconf 80' lang='lat' dir='ltr'>CAUSAM</span> 
     </span>
    </p>
   </div>
   <div class='ocr_carea' id='block_1_2' title="bbox 264 596 1675 792">
    <p class='ocr_par' dir='ltr' id='par_1_2' title="bbox 264 596 1675 792">
     <span class='ocr_line' id='line_1_2' title="bbox 265 596 1675 697; baseline -0.002 -31"><span class='ocrx_word' id='word_1_6' title='bbox 265 602 340 666; x_wconf 85' lang='lat' dir='ltr'>dum</span> <span class='ocrx_word' id='word_1_7' title='bbox 356 612 414 677; x_wconf 80' lang='lat' dir='ltr'>cst,</span> <span class='ocrx_word' id='word_1_8' title='bbox 430 599 554 685; x_wconf 76' lang='lat' dir='ltr'>quodsi</span> <span class='ocrx_word' id='word_1_9' title='bbox 575 600 748 663; x_wconf 62' lang='lat' dir='ltr'>Nemenos</span> <span class='ocrx_word' id='word_1_10' title='bbox 762 618 868 663; x_wconf 80' lang='lat' dir='ltr'>rernm</span> <span class='ocrx_word' id='word_1_11' title='bbox 882 616 1008 685; x_wconf 71' lang='lat' dir='ltr'>eenmm</span> <span class='ocrx_word' id='word_1_12' title='bbox 1021 596 1115 683; x_wconf 86' lang='lat' dir='ltr'>hujus</span> <span class='ocrx_word' id='word_1_13' title='bbox 1129 596 1330 681; x_wconf 82' lang='lat' dir='ltr'>phaeuomcni</span> <span class='ocrx_word' id='word_1_14' title='bbox 1350 596 1548 684; x_wconf 73' lang='lat' dir='ltr'>acciperent,</span> <span class='ocrx_word' id='word_1_15' title='bbox 1674 668 1675 697; x_wconf 17' lang='grc' dir='ltr'><strong><em>ᾖ</em></strong></span> 
     </span>
     <span class='ocr_line' id='line_1_3' title="bbox 264 700 1675 792; baseline -0.001 -20"><span class='ocrx_word' id='word_1_16' title='bbox 264 706 461 791; x_wconf 75' lang='lat' dir='ltr'>summopere</span> <span class='ocrx_word' id='word_1_17' title='bbox 483 706 653 769; x_wconf 90' lang='lat' dir='ltr'>absurdum</span> <span class='ocrx_word' id='word_1_18' title='bbox 675 718 768 792; x_wconf 87' lang='lat' dir='ltr'>utque</span> <span class='ocrx_word' id='word_1_19' title='bbox 790 705 943 769; x_wconf 83' lang='lat' dir='ltr'>absonum</span> <span class='ocrx_word' id='word_1_20' title='bbox 963 703 1054 781; x_wconf 67' lang='lat' dir='ltr'>soret,</span> <span class='ocrx_word' id='word_1_21' title='bbox 1077 704 1221 769; x_wconf 69' lang='lat' dir='ltr'>nonunt</span> <span class='ocrx_word' id='word_1_22' title='bbox 1242 704 1348 769; x_wconf 84' lang='lat' dir='ltr'>studio</span> <span class='ocrx_word' id='word_1_23' title='bbox 1366 704 1459 769; x_wconf 85' lang='lat' dir='ltr'>aliam</span> <span class='ocrx_word' id='word_1_24' title='bbox 1474 726 1549 771; x_wconf 78' lang='lat' dir='ltr'>usu·</span> <span class='ocrx_word' id='word_1_25' title='bbox 1674 700 1675 749; x_wconf 62' lang='lat' dir='ltr'>i</span> 
     </span>
    </p>
   </div>
   <div class='ocr_carea' id='block_1_3' title="bbox 185 809 1548 1869">
    <p class='ocr_par' dir='ltr' id='par_1_3' title="bbox 185 809 1548 1869">
     <span class='ocr_line' id='line_1_4' title="bbox 262 809 1548 903; baseline -0.002 -24"><span class='ocrx_word' id='word_1_26' title='bbox 262 833 337 894; x_wconf 84' lang='lat' dir='ltr'>sum,</span> <span class='ocrx_word' id='word_1_27' title='bbox 361 837 431 903; x_wconf 83' lang='lat' dir='ltr'>quae</span> <span class='ocrx_word' id='word_1_28' title='bbox 452 816 539 881; x_wconf 77' lang='lat' dir='ltr'>certd</span> <span class='ocrx_word' id='word_1_29' title='bbox 560 816 637 879; x_wconf 79' lang='lat' dir='ltr'>falsu</span> <span class='ocrx_word' id='word_1_30' title='bbox 658 816 762 881; x_wconf 83' lang='lat' dir='ltr'>futura</span> <span class='ocrx_word' id='word_1_31' title='bbox 783 828 875 891; x_wconf 77' lang='lat' dir='ltr'>esset,</span> <span class='ocrx_word' id='word_1_32' title='bbox 897 813 1085 900; x_wconf 72' lang='lat' dir='ltr'>excogitare.</span> <span class='ocrx_word' id='word_1_33' title='bbox 1130 812 1258 877; x_wconf 80' lang='lat' dir='ltr'>Deinde</span> <span class='ocrx_word' id='word_1_34' title='bbox 1274 810 1349 879; x_wconf 78' lang='lat' dir='ltr'>verd</span> <span class='ocrx_word' id='word_1_35' title='bbox 1373 809 1548 879; x_wconf 72' lang='lat' dir='ltr'>Nertonus</span> 
     </span>
     <span class='ocr_line' id='line_1_5' title="bbox 262 921 1545 1015; baseline -0.002 -26"><span class='ocrx_word' id='word_1_36' title='bbox 262 944 304 990; x_wconf 88' lang='lat' dir='ltr'>ne</span> <span class='ocrx_word' id='word_1_37' title='bbox 325 928 490 1015; x_wconf 84' lang='lat' dir='ltr'>vestigium</span> <span class='ocrx_word' id='word_1_38' title='bbox 511 926 637 1014; x_wconf 88' lang='lat' dir='ltr'>quidem</span> <span class='ocrx_word' id='word_1_39' title='bbox 658 926 792 1011; x_wconf 87' lang='lat' dir='ltr'>reliquit,</span> <span class='ocrx_word' id='word_1_40' title='bbox 808 945 849 988; x_wconf 85' lang='lat' dir='ltr'>ex</span> <span class='ocrx_word' id='word_1_41' title='bbox 864 944 926 1011; x_wconf 91' lang='lat' dir='ltr'>quo</span> <span class='ocrx_word' id='word_1_42' title='bbox 940 944 1034 986; x_wconf 82' lang='lat' dir='ltr'>cauae</span> <span class='ocrx_word' id='word_1_43' title='bbox 1047 921 1159 987; x_wconf 80' lang='lat' dir='ltr'>hunum</span> <span class='ocrx_word' id='word_1_44' title='bbox 1173 921 1286 985; x_wconf 83' lang='lat' dir='ltr'>virium</span> <span class='ocrx_word' id='word_1_45' title='bbox 1301 922 1545 999; x_wconf 61' lang='lat' dir='ltr'>manicarum,</span> 
     </span>
     <span class='ocr_line' id='line_1_6' title="bbox 265 1026 1547 1119; baseline -0.002 -23"><span class='ocrx_word' id='word_1_46' title='bbox 265 1054 342 1118; x_wconf 84' lang='lat' dir='ltr'>qucs</span> <span class='ocrx_word' id='word_1_47' title='bbox 366 1033 433 1098; x_wconf 89' lang='lat' dir='ltr'>Soli</span> <span class='ocrx_word' id='word_1_48' title='bbox 454 1033 619 1119; x_wconf 83' lang='lat' dir='ltr'>Lunaeque</span> <span class='ocrx_word' id='word_1_49' title='bbox 638 1028 757 1107; x_wconf 83' lang='lat' dir='ltr'>tribuit,</span> <span class='ocrx_word' id='word_1_50' title='bbox 780 1028 885 1115; x_wconf 76' lang='lat' dir='ltr'><strong>colligi</strong></span> <span class='ocrx_word' id='word_1_51' title='bbox 905 1040 1021 1115; x_wconf 78' lang='lat' dir='ltr'>posset,</span> <span class='ocrx_word' id='word_1_52' title='bbox 1037 1026 1092 1093; x_wconf 83' lang='lat' dir='ltr'>sed</span> <span class='ocrx_word' id='word_1_53' title='bbox 1113 1026 1217 1113; x_wconf 76' lang='lat' dir='ltr'>potius</span> <span class='ocrx_word' id='word_1_54' title='bbox 1232 1026 1273 1092; x_wconf 90' lang='lat' dir='ltr'>de</span> <span class='ocrx_word' id='word_1_55' title='bbox 1286 1048 1389 1092; x_wconf 79' lang='lat' dir='ltr'>oeusae</span> <span class='ocrx_word' id='word_1_56' title='bbox 1405 1026 1547 1113; x_wconf 76' lang='lat' dir='ltr'>physicae</span> 
     </span>
     <span class='ocr_line' id='line_1_7' title="bbox 259 1133 1547 1224; baseline -0.002 -23"><span class='ocrx_word' id='word_1_57' title='bbox 259 1138 449 1217; x_wconf 76' lang='lat' dir='ltr'>inventione,</span> <span class='ocrx_word' id='word_1_58' title='bbox 472 1139 596 1224; x_wconf 88' lang='lat' dir='ltr'>qualem</span> <span class='ocrx_word' id='word_1_59' title='bbox 613 1134 784 1201; x_wconf 81' lang='lat' dir='ltr'>Aecdemiu</span> <span class='ocrx_word' id='word_1_60' title='bbox 807 1136 909 1223; x_wconf 79' lang='lat' dir='ltr'>Regin</span> <span class='ocrx_word' id='word_1_61' title='bbox 929 1134 1126 1219; x_wconf 81' lang='lat' dir='ltr'>potissirnum</span> <span class='ocrx_word' id='word_1_62' title='bbox 1140 1133 1281 1219; x_wconf 78' lang='lat' dir='ltr'>requirit,</span> <span class='ocrx_word' id='word_1_63' title='bbox 1302 1133 1485 1218; x_wconf 74' lang='lat' dir='ltr'>desperasse</span> <span class='ocrx_word' id='word_1_64' title='bbox 1498 1136 1547 1199; x_wconf 81' lang='lat' dir='ltr'>vi-</span> 
     </span>
     <span class='ocr_line' id='line_1_8' title="bbox 260 1241 1546 1333; baseline -0.001 -25"><span class='ocrx_word' id='word_1_65' title='bbox 260 1242 372 1322; x_wconf 80' lang='lat' dir='ltr'>detnr3</span> <span class='ocrx_word' id='word_1_66' title='bbox 394 1246 428 1309; x_wconf 95' lang='lat' dir='ltr'>id</span> <span class='ocrx_word' id='word_1_67' title='bbox 449 1246 535 1333; x_wconf 89' lang='lat' dir='ltr'>quod</span> <span class='ocrx_word' id='word_1_68' title='bbox 556 1247 623 1331; x_wconf 88' lang='lat' dir='ltr'>ejus</span> <span class='ocrx_word' id='word_1_69' title='bbox 645 1244 770 1308; x_wconf 73' lang='lat' dir='ltr'>mceclae</span> <span class='ocrx_word' id='word_1_70' title='bbox 791 1241 898 1326; x_wconf 75' lang='lat' dir='ltr'>aperte</span> <span class='ocrx_word' id='word_1_71' title='bbox 919 1254 1081 1319; x_wconf 77' lang='lat' dir='ltr'>testentur,</span> <span class='ocrx_word' id='word_1_72' title='bbox 1102 1242 1156 1327; x_wconf 83' lang='lat' dir='ltr'>qni</span> <span class='ocrx_word' id='word_1_73' title='bbox 1170 1241 1385 1307; x_wconf 69' lang='lat' dir='ltr'>attractionem</span> <span class='ocrx_word' id='word_1_74' title='bbox 1399 1243 1546 1307; x_wconf 77' lang='lat' dir='ltr'>outnibus</span> 
     </span>
     <span class='ocr_line' id='line_1_9' title="bbox 259 1350 1546 1442; baseline 0.001 -25"><span class='ocrx_word' id='word_1_75' title='bbox 259 1356 442 1441; x_wconf 83' lang='lat' dir='ltr'>corporibus</span> <span class='ocrx_word' id='word_1_76' title='bbox 455 1357 616 1442; x_wconf 73' lang='lat' dir='ltr'>propriam</span> <span class='ocrx_word' id='word_1_77' title='bbox 631 1378 708 1433; x_wconf 80' lang='lat' dir='ltr'>esse,</span> <span class='ocrx_word' id='word_1_78' title='bbox 723 1376 826 1441; x_wconf 89' lang='lat' dir='ltr'>neque</span> <span class='ocrx_word' id='word_1_79' title='bbox 839 1352 897 1417; x_wconf 83' lang='lat' dir='ltr'>ulii</span> <span class='ocrx_word' id='word_1_80' title='bbox 911 1372 1014 1417; x_wconf 77' lang='lat' dir='ltr'>cauam</span> <span class='ocrx_word' id='word_1_81' title='bbox 1027 1362 1167 1417; x_wconf 79' lang='lat' dir='ltr'>externae</span> <span class='ocrx_word' id='word_1_82' title='bbox 1188 1350 1296 1415; x_wconf 90' lang='lat' dir='ltr'>deberi</span> <span class='ocrx_word' id='word_1_83' title='bbox 1314 1350 1447 1417; x_wconf 80' lang='lat' dir='ltr'>linuiter</span> <span class='ocrx_word' id='word_1_84' title='bbox 1460 1376 1546 1418; x_wconf 81' lang='lat' dir='ltr'>esse·</span> 
     </span>
     <span class='ocr_line' id='line_1_10' title="bbox 185 1446 1546 1550; baseline 0.001 -25"><span class='ocrx_word' id='word_1_85' title='bbox 185 1446 189 1451; x_wconf 44' lang='lat'><em>⁷</em></span> <span class='ocrx_word' id='word_1_86' title='bbox 258 1474 341 1541; x_wconf 80' lang='lat' dir='ltr'>nunt,</span> <span class='ocrx_word' id='word_1_87' title='bbox 365 1475 459 1549; x_wconf 87' lang='lat' dir='ltr'>utque</span> <span class='ocrx_word' id='word_1_88' title='bbox 480 1463 561 1529; x_wconf 80' lang='lat' dir='ltr'>aded</span> <span class='ocrx_word' id='word_1_89' title='bbox 580 1464 622 1527; x_wconf 90' lang='lat' dir='ltr'>ad</span> <span class='ocrx_word' id='word_1_90' title='bbox 644 1462 806 1550; x_wconf 86' lang='lat' dir='ltr'>qualitates</span> <span class='ocrx_word' id='word_1_91' title='bbox 823 1460 961 1525; x_wconf 84' lang='lat' dir='ltr'>occultas</span> <span class='ocrx_word' id='word_1_92' title='bbox 975 1458 1167 1549; x_wconf 74' lang='lat' dir='ltr'>confugiunt.</span> <span class='ocrx_word' id='word_1_93' title='bbox 1210 1458 1360 1546; x_wconf 81' lang='lat' dir='ltr'>Denique</span> <span class='ocrx_word' id='word_1_94' title='bbox 1373 1460 1546 1527; x_wconf 76' lang='lat' dir='ltr'>Newtonns</span> 
     </span>
     <span class='ocr_line' id='line_1_11' title="bbox 258 1566 1545 1654; baseline -0.002 -21"><span class='ocrx_word' id='word_1_95' title='bbox 258 1567 478 1634; x_wconf 74' lang='lat' dir='ltr'>dedumionem</span> <span class='ocrx_word' id='word_1_96' title='bbox 498 1580 531 1635; x_wconf 87' lang='lat' dir='ltr'>et</span> <span class='ocrx_word' id='word_1_97' title='bbox 551 1570 778 1654; x_wconf 79' lang='lat' dir='ltr'>expositionem</span> <span class='ocrx_word' id='word_1_98' title='bbox 799 1568 940 1631; x_wconf 86' lang='lat' dir='ltr'>omnium</span> <span class='ocrx_word' id='word_1_99' title='bbox 960 1566 1241 1651; x_wconf 84' lang='lat' dir='ltr'>phaenomenorunu</span> <span class='ocrx_word' id='word_1_100' title='bbox 1261 1566 1303 1631; x_wconf 81' lang='lat' dir='ltr'>ud</span> <span class='ocrx_word' id='word_1_101' title='bbox 1323 1578 1436 1631; x_wconf 68' lang='lat' dir='ltr'>metum</span> <span class='ocrx_word' id='word_1_102' title='bbox 1450 1568 1545 1631; x_wconf 88' lang='lat' dir='ltr'>maris</span> 
     </span>
     <span class='ocr_line' id='line_1_12' title="bbox 257 1669 1545 1760; baseline -0.003 -19"><span class='ocrx_word' id='word_1_103' title='bbox 257 1676 480 1760; x_wconf 82' lang='lat' dir='ltr'>pertinentium</span> <span class='ocrx_word' id='word_1_104' title='bbox 493 1674 623 1741; x_wconf 73' lang='lat' dir='ltr'>minime</span> <span class='ocrx_word' id='word_1_105' title='bbox 636 1674 775 1760; x_wconf 79' lang='lat' dir='ltr'>perfecit,</span> <span class='ocrx_word' id='word_1_106' title='bbox 791 1674 847 1738; x_wconf 84' lang='lat' dir='ltr'>sed</span> <span class='ocrx_word' id='word_1_107' title='bbox 862 1673 952 1759; x_wconf 84' lang='lat' dir='ltr'>quusi</span> <span class='ocrx_word' id='word_1_108' title='bbox 972 1684 1093 1737; x_wconf 82' lang='lat' dir='ltr'>tuntum</span> <span class='ocrx_word' id='word_1_109' title='bbox 1107 1669 1304 1739; x_wconf 76' lang='lat' dir='ltr'>adumbravit</span> <span class='ocrx_word' id='word_1_110' title='bbox 1312 1696 1322 1748; x_wconf 81' lang='lat'>3</span> <span class='ocrx_word' id='word_1_111' title='bbox 1344 1672 1441 1756; x_wconf 87' lang='lat' dir='ltr'>plena</span> <span class='ocrx_word' id='word_1_112' title='bbox 1459 1675 1545 1737; x_wconf 87' lang='lat' dir='ltr'>enim</span> 
     </span>
     <span class='ocr_line' id='line_1_13' title="bbox 257 1778 1545 1869; baseline -0.003 -22"><span class='ocrx_word' id='word_1_113' title='bbox 257 1782 424 1867; x_wconf 84' lang='lat' dir='ltr'>explicatio</span> <span class='ocrx_word' id='word_1_114' title='bbox 444 1794 493 1847; x_wconf 88' lang='lat' dir='ltr'>tot</span> <span class='ocrx_word' id='word_1_115' title='bbox 512 1795 639 1869; x_wconf 82' lang='lat' dir='ltr'>temque</span> <span class='ocrx_word' id='word_1_116' title='bbox 659 1781 831 1845; x_wconf 85' lang='lat' dir='ltr'>difficilium</span> <span class='ocrx_word' id='word_1_117' title='bbox 854 1780 1088 1845; x_wconf 87' lang='lat' dir='ltr'>Problemetum</span> <span class='ocrx_word' id='word_1_118' title='bbox 1102 1779 1290 1851; x_wconf 79' lang='lat' dir='ltr'>solutionem</span> <span class='ocrx_word' id='word_1_119' title='bbox 1302 1778 1450 1863; x_wconf 80' lang='lat' dir='ltr'>postulat,</span> <span class='ocrx_word' id='word_1_120' title='bbox 1473 1802 1545 1867; x_wconf 79' lang='lat' dir='ltr'>‹proe</span> 
     </span>
    </p>
   </div>
   <div class='ocr_carea' id='block_1_4' title="bbox 258 1878 1675 1976">
    <p class='ocr_par' dir='ltr' id='par_1_4' title="bbox 258 1878 1675 1976">
     <span class='ocr_line' id='line_1_14' title="bbox 258 1878 1675 1976; baseline -0.005 -24"><span class='ocrx_word' id='word_1_121' title='bbox 258 1888 431 1953; x_wconf 82' lang='lat' dir='ltr'>Newtonus</span> <span class='ocrx_word' id='word_1_122' title='bbox 450 1910 515 1954; x_wconf 86' lang='lat' dir='ltr'>non</span> <span class='ocrx_word' id='word_1_123' title='bbox 536 1902 586 1955; x_wconf 85' lang='lat' dir='ltr'>est</span> <span class='ocrx_word' id='word_1_124' title='bbox 605 1910 790 1976; x_wconf 70' lang='lat' dir='ltr'>aggressura</span> <span class='ocrx_word' id='word_1_125' title='bbox 811 1886 884 1951; x_wconf 84' lang='lat' dir='ltr'>edm</span> <span class='ocrx_word' id='word_1_126' title='bbox 897 1886 982 1953; x_wconf 87' lang='lat' dir='ltr'>enim</span> <span class='ocrx_word' id='word_1_127' title='bbox 995 1886 1088 1971; x_wconf 82' lang='lat' dir='ltr'>hujus</span> <span class='ocrx_word' id='word_1_128' title='bbox 1102 1886 1284 1971; x_wconf 73' lang='lat' dir='ltr'>questionis</span> <span class='ocrx_word' id='word_1_129' title='bbox 1306 1886 1454 1952; x_wconf 76' lang='lat' dir='ltr'>enodatio</span> <span class='ocrx_word' id='word_1_130' title='bbox 1475 1910 1544 1951; x_wconf 82' lang='lat' dir='ltr'>am·</span> <span class='ocrx_word' id='word_1_131' title='bbox 1674 1878 1675 1945; x_wconf 61' lang='lat' dir='ltr'>i</span> 
     </span>
    </p>
   </div>
   <div class='ocr_carea' id='block_1_5' title="bbox 236 1995 1544 2513">
    <p class='ocr_par' dir='ltr' id='par_1_5' title="bbox 236 1995 1544 2513">
     <span class='ocr_line' id='line_1_15' title="bbox 255 1995 1544 2085; baseline -0.003 -22"><span class='ocrx_word' id='word_1_132' title='bbox 255 1998 413 2083; x_wconf 78' lang='lat' dir='ltr'>piissimos</span> <span class='ocrx_word' id='word_1_133' title='bbox 426 1999 562 2063; x_wconf 86' lang='lat' dir='ltr'>calculos</span> <span class='ocrx_word' id='word_1_134' title='bbox 576 2000 724 2085; x_wconf 81' lang='lat' dir='ltr'>requirat,</span> <span class='ocrx_word' id='word_1_135' title='bbox 739 1997 808 2082; x_wconf 89' lang='lat' dir='ltr'>ipse</span> <span class='ocrx_word' id='word_1_136' title='bbox 816 1997 958 2084; x_wconf 85' lang='lat' dir='ltr'>analyein</span> <span class='ocrx_word' id='word_1_137' title='bbox 972 1996 1073 2063; x_wconf 83' lang='lat' dir='ltr'>viteus</span> <span class='ocrx_word' id='word_1_138' title='bbox 1085 1995 1235 2082; x_wconf 74' lang='lat' dir='ltr'>pleraque</span> <span class='ocrx_word' id='word_1_139' title='bbox 1246 2008 1369 2071; x_wconf 75' lang='lat' dir='ltr'>tanum</span> <span class='ocrx_word' id='word_1_140' title='bbox 1378 1996 1481 2061; x_wconf 82' lang='lat' dir='ltr'>obiter</span> <span class='ocrx_word' id='word_1_141' title='bbox 1495 1998 1544 2059; x_wconf 90' lang='lat' dir='ltr'>in-</span> 
     </span>
     <span class='ocr_line' id='line_1_16' title="bbox 256 2102 1544 2193; baseline -0.001 -24"><span class='ocrx_word' id='word_1_142' title='bbox 256 2106 378 2170; x_wconf 76' lang='lat' dir='ltr'>dicasse</span> <span class='ocrx_word' id='word_1_143' title='bbox 397 2118 562 2171; x_wconf 82' lang='lat' dir='ltr'>contentus</span> <span class='ocrx_word' id='word_1_144' title='bbox 583 2104 659 2183; x_wconf 77' lang='lat' dir='ltr'>fuit3</span> <span class='ocrx_word' id='word_1_145' title='bbox 684 2106 728 2170; x_wconf 91' lang='lat' dir='ltr'>ob</span> <span class='ocrx_word' id='word_1_146' title='bbox 748 2126 842 2193; x_wconf 90' lang='lat' dir='ltr'>quem</span> <span class='ocrx_word' id='word_1_147' title='bbox 863 2104 1019 2171; x_wconf 77' lang='lat' dir='ltr'>defectum</span> <span class='ocrx_word' id='word_1_148' title='bbox 1040 2102 1183 2189; x_wconf 85' lang='lat' dir='ltr'>plurimis</span> <span class='ocrx_word' id='word_1_149' title='bbox 1203 2102 1307 2169; x_wconf 84' lang='lat' dir='ltr'>adhuc</span> <span class='ocrx_word' id='word_1_150' title='bbox 1331 2103 1436 2169; x_wconf 86' lang='lat' dir='ltr'>dubiis</span> <span class='ocrx_word' id='word_1_151' title='bbox 1459 2106 1544 2169; x_wconf 81' lang='lat' dir='ltr'>circe</span> 
     </span>
     <span class='ocr_line' id='line_1_17' title="bbox 256 2212 1542 2302; baseline 0.002 -26"><span class='ocrx_word' id='word_1_152' title='bbox 256 2214 353 2297; x_wconf 82' lang='lat' dir='ltr'>ipsius</span> <span class='ocrx_word' id='word_1_153' title='bbox 367 2214 605 2299; x_wconf 70' lang='lat' dir='ltr'>explicationem</span> <span class='ocrx_word' id='word_1_154' title='bbox 618 2226 668 2280; x_wconf 82' lang='lat' dir='ltr'>est</span> <span class='ocrx_word' id='word_1_155' title='bbox 680 2214 816 2280; x_wconf 78' lang='lat' dir='ltr'>relictus.</span> <span class='ocrx_word' id='word_1_156' title='bbox 855 2214 967 2302; x_wconf 84' lang='lat' dir='ltr'>Neque</span> <span class='ocrx_word' id='word_1_157' title='bbox 980 2213 1064 2281; x_wconf 88' lang='lat' dir='ltr'>enim</span> <span class='ocrx_word' id='word_1_158' title='bbox 1077 2213 1110 2279; x_wconf 89' lang='lat' dir='ltr'>in</span> <span class='ocrx_word' id='word_1_159' title='bbox 1124 2212 1173 2277; x_wconf 88' lang='lat' dir='ltr'>his</span> <span class='ocrx_word' id='word_1_160' title='bbox 1188 2214 1306 2279; x_wconf 79' lang='lat' dir='ltr'>viribus</span> <span class='ocrx_word' id='word_1_161' title='bbox 1321 2236 1429 2279; x_wconf 83' lang='lat' dir='ltr'>veram</span> <span class='ocrx_word' id='word_1_162' title='bbox 1445 2214 1542 2279; x_wconf 81' lang='lat' dir='ltr'>restis</span> 
     </span>
     <span class='ocr_line' id='line_1_18' title="bbox 236 2318 1543 2405; baseline 0 -20"><span class='ocrx_word' id='word_1_163' title='bbox 236 2321 352 2405; x_wconf 74' lang='lat' dir='ltr'>,meris</span> <span class='ocrx_word' id='word_1_164' title='bbox 373 2342 497 2387; x_wconf 71' lang='lat' dir='ltr'>causum</span> <span class='ocrx_word' id='word_1_165' title='bbox 519 2322 673 2387; x_wconf 85' lang='lat' dir='ltr'>contineri</span> <span class='ocrx_word' id='word_1_166' title='bbox 693 2320 768 2387; x_wconf 74' lang='lat' dir='ltr'>aute</span> <span class='ocrx_word' id='word_1_167' title='bbox 787 2332 908 2386; x_wconf 88' lang='lat' dir='ltr'>eertum</span> <span class='ocrx_word' id='word_1_168' title='bbox 928 2342 998 2387; x_wconf 87' lang='lat' dir='ltr'>esse</span> <span class='ocrx_word' id='word_1_169' title='bbox 1016 2330 1130 2405; x_wconf 83' lang='lat' dir='ltr'>potest,</span> <span class='ocrx_word' id='word_1_170' title='bbox 1154 2320 1246 2405; x_wconf 68' lang='lat' dir='ltr'>quum</span> <span class='ocrx_word' id='word_1_171' title='bbox 1261 2319 1406 2385; x_wconf 82' lang='lat' dir='ltr'>absoluto</span> <span class='ocrx_word' id='word_1_172' title='bbox 1419 2318 1543 2385; x_wconf 71' lang='lat' dir='ltr'>caluuo</span> 
     </span>
     <span class='ocr_line' id='line_1_19' title="bbox 255 2424 1418 2513; baseline -0.003 -20"><span class='ocrx_word' id='word_1_173' title='bbox 255 2426 413 2511; x_wconf 80' lang='lat' dir='ltr'>perfectus</span> <span class='ocrx_word' id='word_1_174' title='bbox 425 2448 596 2493; x_wconf 84' lang='lat' dir='ltr'>consensus</span> <span class='ocrx_word' id='word_1_175' title='bbox 608 2428 892 2513; x_wconf 66' lang='lat' dir='ltr'>ploenomenorum</span> <span class='ocrx_word' id='word_1_176' title='bbox 905 2446 977 2493; x_wconf 87' lang='lat' dir='ltr'>cum</span> <span class='ocrx_word' id='word_1_177' title='bbox 990 2424 1110 2493; x_wconf 75' lang='lat' dir='ltr'>deurit</span> <span class='ocrx_word' id='word_1_178' title='bbox 1126 2424 1219 2493; x_wconf 83' lang='lat' dir='ltr'>fiterit</span> <span class='ocrx_word' id='word_1_179' title='bbox 1232 2424 1418 2491; x_wconf 75' lang='lat' dir='ltr'>dederetur.</span> 
     </span>
    </p>
   </div>
   <div class='ocr_carea' id='block_1_6' title="bbox 841 2701 951 2724">
    <p class='ocr_par' dir='ltr' id='par_1_6' title="bbox 841 2701 951 2724">
     <span class='ocr_line' id='line_1_20' title="bbox 841 2701 951 2724; baseline -0.009 0"><span class='ocrx_word' id='word_1_180' title='bbox 841 2701 951 2724; x_wconf 64' lang='lat' dir='ltr'>m</span> 
     </span>
    </p>
   </div>
   <div class='ocr_carea' id='block_1_7' title="bbox 446 2884 1342 3159">
    <p class='ocr_par' dir='ltr' id='par_1_7' title="bbox 446 2884 1342 3159">
     <span class='ocr_line' id='line_1_21' title="bbox 646 2884 1146 2962; baseline -0.01 0"><span class='ocrx_word' id='word_1_181' title='bbox 646 2884 820 2962; x_wconf 81' lang='lat' dir='ltr'>CAPUT</span> <span class='ocrx_word' id='word_1_182' title='bbox 845 2884 1146 2961; x_wconf 87' lang='lat' dir='ltr'><strong>SECUNDUM.</strong></span> 
     </span>
     <span class='ocr_line' id='line_1_22' title="bbox 446 3082 1342 3159; baseline -0.002 -2"><span class='ocrx_word' id='word_1_183' title='bbox 446 3084 508 3157; x_wconf 88' lang='lat' dir='ltr'>Dc</span> <span class='ocrx_word' id='word_1_184' title='bbox 522 3084 652 3158; x_wconf 62' lang='lat' dir='ltr'>ultim</span> <span class='ocrx_word' id='word_1_185' title='bbox 663 3086 754 3158; x_wconf 75' lang='lat' dir='ltr'>Solis</span> <span class='ocrx_word' id='word_1_186' title='bbox 767 3096 805 3156; x_wconf 85' lang='lat' dir='ltr'>et</span> <span class='ocrx_word' id='word_1_187' title='bbox 817 3086 932 3157; x_wconf 79' lang='lat' dir='ltr'>Lnnoe</span> <span class='ocrx_word' id='word_1_188' title='bbox 942 3086 992 3156; x_wconf 86' lang='lat' dir='ltr'>od</span> <span class='ocrx_word' id='word_1_189' title='bbox 1006 3086 1119 3159; x_wconf 86' lang='lat' dir='ltr'>More</span> <span class='ocrx_word' id='word_1_190' title='bbox 1134 3082 1342 3157; x_wconf 73' lang='lat' dir='ltr'>movendum.</span> 
     </span>
    </p>
   </div>
   <div class='ocr_carea' id='block_1_8' title="bbox 252 3265 1674 3379">
    <p class='ocr_par' dir='ltr' id='par_1_8' title="bbox 252 3265 1674 3379">
     <span class='ocr_line' id='line_1_23' title="bbox 252 3265 1674 3379; baseline 0.002 -25"><span class='ocrx_word' id='word_1_191' title='bbox 252 3297 276 3374; x_wconf 72' lang='lat' dir='ltr'>t.</span> <span class='ocrx_word' id='word_1_192' title='bbox 294 3300 344 3356; x_wconf 86' lang='lat'>16.</span> <span class='ocrx_word' id='word_1_193' title='bbox 359 3265 562 3371; x_wconf 79' lang='lat' dir='ltr'>Erremus,</span> <span class='ocrx_word' id='word_1_194' title='bbox 588 3312 666 3379; x_wconf 84' lang='lat' dir='ltr'>quoe</span> <span class='ocrx_word' id='word_1_195' title='bbox 695 3294 776 3358; x_wconf 81' lang='lat' dir='ltr'>vires</span> <span class='ocrx_word' id='word_1_196' title='bbox 798 3291 871 3358; x_wconf 80' lang='lat' dir='ltr'>cum</span> <span class='ocrx_word' id='word_1_197' title='bbox 902 3294 982 3359; x_wconf 83' lang='lat' dir='ltr'>Solis</span> <span class='ocrx_word' id='word_1_198' title='bbox 1011 3293 1078 3360; x_wconf 84' lang='lat' dir='ltr'>tim</span> <span class='ocrx_word' id='word_1_199' title='bbox 1108 3294 1210 3361; x_wconf 68' lang='lat' dir='ltr'>Luna</span> <span class='ocrx_word' id='word_1_200' title='bbox 1238 3296 1310 3363; x_wconf 75' lang='lat' dir='ltr'>aute</span> <span class='ocrx_word' id='word_1_201' title='bbox 1335 3292 1534 3361; x_wconf 77' lang='lat' dir='ltr'>stabilitaein</span> <span class='ocrx_word' id='word_1_202' title='bbox 1673 3294 1674 3339; x_wconf 69' lang='lat' dir='ltr'>l</span> 
     </span>
    </p>
   </div>
   <div class='ocr_carea' id='block_1_9' title="bbox 156 3385 1533 4145">
    <p class='ocr_par' dir='ltr' id='par_1_9' title="bbox 156 3385 1533 4145">
     <span class='ocr_line' id='line_1_24' title="bbox 156 3385 1533 3493; baseline 0.004 -30"><span class='ocrx_word' id='word_1_203' title='bbox 156 3474 159 3479; x_wconf 23' lang='lat'>¹</span> <span class='ocrx_word' id='word_1_204' title='bbox 212 3385 218 3397; x_wconf 71' lang='grc'>’</span> <span class='ocrx_word' id='word_1_205' title='bbox 252 3398 386 3465; x_wconf 83' lang='lat' dir='ltr'>Terram</span> <span class='ocrx_word' id='word_1_206' title='bbox 411 3412 555 3480; x_wconf 83' lang='lat' dir='ltr'>exerunt,</span> <span class='ocrx_word' id='word_1_207' title='bbox 578 3400 623 3466; x_wconf 82' lang='lat' dir='ltr'>cd&#39;</span> <span class='ocrx_word' id='word_1_208' title='bbox 643 3402 708 3466; x_wconf 90' lang='lat' dir='ltr'>duo</span> <span class='ocrx_word' id='word_1_209' title='bbox 732 3424 849 3491; x_wconf 80' lang='lat' dir='ltr'>genera</span> <span class='ocrx_word' id='word_1_210' title='bbox 871 3415 945 3469; x_wconf 86' lang='lat' dir='ltr'>sunt</span> <span class='ocrx_word' id='word_1_211' title='bbox 969 3403 1140 3471; x_wconf 79' lang='lat' dir='ltr'>referendi:</span> <span class='ocrx_word' id='word_1_212' title='bbox 1163 3428 1296 3493; x_wconf 88' lang='lat' dir='ltr'>quorum</span> <span class='ocrx_word' id='word_1_213' title='bbox 1321 3406 1453 3471; x_wconf 87' lang='lat' dir='ltr'>alterum</span> <span class='ocrx_word' id='word_1_214' title='bbox 1481 3426 1533 3468; x_wconf 83' lang='lat' dir='ltr'>eos</span> 
     </span>
     <span class='ocr_line' id='line_1_25' title="bbox 251 3508 1532 3598; baseline 0 -24"><span class='ocrx_word' id='word_1_215' title='bbox 251 3510 468 3595; x_wconf 86' lang='lat' dir='ltr'>complectitur</span> <span class='ocrx_word' id='word_1_216' title='bbox 488 3510 615 3576; x_wconf 80' lang='lat' dir='ltr'>effecnrs</span> <span class='ocrx_word' id='word_1_217' title='bbox 637 3532 715 3598; x_wconf 84' lang='lat' dir='ltr'>quos</span> <span class='ocrx_word' id='word_1_218' title='bbox 738 3513 793 3576; x_wconf 89' lang='lat' dir='ltr'>Sol</span> <span class='ocrx_word' id='word_1_219' title='bbox 814 3534 852 3576; x_wconf 88' lang='lat' dir='ltr'>ac</span> <span class='ocrx_word' id='word_1_220' title='bbox 875 3508 967 3576; x_wconf 81' lang='lat' dir='ltr'>Luna</span> <span class='ocrx_word' id='word_1_221' title='bbox 986 3514 1019 3576; x_wconf 92' lang='lat' dir='ltr'>in</span> <span class='ocrx_word' id='word_1_222' title='bbox 1039 3514 1214 3579; x_wconf 86' lang='lat' dir='ltr'>universam</span> <span class='ocrx_word' id='word_1_223' title='bbox 1230 3514 1364 3581; x_wconf 75' lang='lat' dir='ltr'>Terram</span> <span class='ocrx_word' id='word_1_224' title='bbox 1377 3526 1532 3597; x_wconf 74' lang='lat' dir='ltr'>tamquam</span> 
     </span>
     <span class='ocr_line' id='line_1_26' title="bbox 251 3614 1530 3707; baseline -0.001 -27"><span class='ocrx_word' id='word_1_225' title='bbox 251 3638 349 3681; x_wconf 89' lang='lat' dir='ltr'>unum</span> <span class='ocrx_word' id='word_1_226' title='bbox 374 3640 488 3703; x_wconf 90' lang='lat' dir='ltr'>corpus</span> <span class='ocrx_word' id='word_1_227' title='bbox 513 3618 742 3684; x_wconf 74' lang='lat' dir='ltr'>consider-utam</span> <span class='ocrx_word' id='word_1_228' title='bbox 764 3632 906 3695; x_wconf 86' lang='lat' dir='ltr'>exercet3</span> <span class='ocrx_word' id='word_1_229' title='bbox 939 3618 1071 3685; x_wconf 82' lang='lat' dir='ltr'>alterum</span> <span class='ocrx_word' id='word_1_230' title='bbox 1101 3620 1175 3686; x_wconf 77' lang='lat' dir='ltr'>vend</span> <span class='ocrx_word' id='word_1_231' title='bbox 1203 3644 1267 3699; x_wconf 85' lang='lat' dir='ltr'>eos,</span> <span class='ocrx_word' id='word_1_232' title='bbox 1298 3643 1376 3707; x_wconf 91' lang='lat' dir='ltr'>quos</span> <span class='ocrx_word' id='word_1_233' title='bbox 1400 3614 1530 3704; x_wconf 82' lang='lat' dir='ltr'>singulae</span> 
     </span>
     <span class='ocr_line' id='line_1_27' title="bbox 251 3704 1528 3811; baseline 0.002 -25"><span class='ocrx_word' id='word_1_234' title='bbox 251 3704 362 3787; x_wconf 72' lang='lat' dir='ltr'>Terroe</span> <span class='ocrx_word' id='word_1_235' title='bbox 382 3736 486 3809; x_wconf 74' lang='lat' dir='ltr'>pertua</span> <span class='ocrx_word' id='word_1_236' title='bbox 506 3746 527 3788; x_wconf 84' lang='lat' dir='ltr'>c</span> <span class='ocrx_word' id='word_1_237' title='bbox 547 3725 665 3789; x_wconf 81' lang='lat' dir='ltr'>viribus</span> <span class='ocrx_word' id='word_1_238' title='bbox 688 3725 772 3791; x_wconf 84' lang='lat' dir='ltr'>Solis</span> <span class='ocrx_word' id='word_1_239' title='bbox 790 3746 829 3789; x_wconf 90' lang='lat' dir='ltr'>ac</span> <span class='ocrx_word' id='word_1_240' title='bbox 851 3725 955 3791; x_wconf 74' lang='lat' dir='ltr'>Lunae</span> <span class='ocrx_word' id='word_1_241' title='bbox 973 3727 1143 3811; x_wconf 88' lang='lat' dir='ltr'>patiuntur.</span> <span class='ocrx_word' id='word_1_242' title='bbox 1192 3727 1246 3795; x_wconf 77' lang='lat' dir='ltr'>Ad</span> <span class='ocrx_word' id='word_1_243' title='bbox 1267 3726 1395 3793; x_wconf 83' lang='lat' dir='ltr'>effeetus</span> <span class='ocrx_word' id='word_1_244' title='bbox 1414 3724 1528 3810; x_wconf 87' lang='lat' dir='ltr'>prioris</span> 
     </span>
     <span class='ocr_line' id='line_1_28' title="bbox 249 3830 1529 3921; baseline 0.002 -27"><span class='ocrx_word' id='word_1_245' title='bbox 249 3830 374 3916; x_wconf 78' lang='lat' dir='ltr'>generis</span> <span class='ocrx_word' id='word_1_246' title='bbox 393 3830 638 3919; x_wconf 71' lang='lat' dir='ltr'>investigandos,</span> <span class='ocrx_word' id='word_1_247' title='bbox 658 3831 760 3895; x_wconf 85' lang='lat' dir='ltr'>omnic</span> <span class='ocrx_word' id='word_1_248' title='bbox 784 3830 895 3895; x_wconf 81' lang='lat' dir='ltr'>Terrae</span> <span class='ocrx_word' id='word_1_249' title='bbox 916 3834 1045 3899; x_wconf 71' lang='lat' dir='ltr'>materie</span> <span class='ocrx_word' id='word_1_250' title='bbox 1066 3845 1212 3921; x_wconf 84' lang='lat' dir='ltr'>tanquam</span> <span class='ocrx_word' id='word_1_251' title='bbox 1234 3834 1267 3898; x_wconf 89' lang='lat' dir='ltr'>in</span> <span class='ocrx_word' id='word_1_252' title='bbox 1287 3835 1381 3899; x_wconf 90' lang='lat' dir='ltr'>unico</span> <span class='ocrx_word' id='word_1_253' title='bbox 1402 3844 1529 3919; x_wconf 88' lang='lat' dir='ltr'>puncto,</span> 
     </span>
     <span class='ocr_line' id='line_1_29' title="bbox 249 3934 1530 4025; baseline 0.003 -26"><span class='ocrx_word' id='word_1_254' title='bbox 249 3946 359 4000; x_wconf 79' lang='lat' dir='ltr'>neuun</span> <span class='ocrx_word' id='word_1_255' title='bbox 383 3934 500 4001; x_wconf 82' lang='lat' dir='ltr'>scilicet</span> <span class='ocrx_word' id='word_1_256' title='bbox 523 3936 694 4025; x_wconf 73' lang='lat' dir='ltr'>gravitudo,</span> <span class='ocrx_word' id='word_1_257' title='bbox 717 3935 848 4001; x_wconf 82' lang='lat' dir='ltr'>collecto</span> <span class='ocrx_word' id='word_1_258' title='bbox 872 3937 1095 4016; x_wconf 82' lang='lat' dir='ltr'>consideretur,</span> <span class='ocrx_word' id='word_1_259' title='bbox 1121 3962 1158 4005; x_wconf 82' lang='lat' dir='ltr'>uc</span> <span class='ocrx_word' id='word_1_260' title='bbox 1180 3938 1243 4004; x_wconf 74' lang='lat' dir='ltr'>uim</span> <span class='ocrx_word' id='word_1_261' title='bbox 1265 3962 1306 4005; x_wconf 86' lang='lat' dir='ltr'>ex</span> <span class='ocrx_word' id='word_1_262' title='bbox 1331 3952 1419 4004; x_wconf 91' lang='lat' dir='ltr'>motu</span> <span class='ocrx_word' id='word_1_263' title='bbox 1440 3939 1530 4003; x_wconf 81' lang='lat' dir='ltr'>incito</span> 
     </span>
     <span class='ocr_line' id='line_1_30' title="bbox 250 4038 1529 4145; baseline 0.006 -42"><span class='ocrx_word' id='word_1_264' title='bbox 250 4038 344 4127; x_wconf 70' lang='lat' dir='ltr'>quim</span> <span class='ocrx_word' id='word_1_265' title='bbox 364 4043 482 4107; x_wconf 80' lang='lat' dir='ltr'>viribus</span> <span class='ocrx_word' id='word_1_266' title='bbox 503 4042 738 4109; x_wconf 71' lang='lat' dir='ltr'>sollicitantibus</span> <span class='ocrx_word' id='word_1_267' title='bbox 758 4055 862 4109; x_wconf 86' lang='lat' dir='ltr'>motus</span> <span class='ocrx_word' id='word_1_268' title='bbox 884 4042 994 4111; x_wconf 82' lang='lat' dir='ltr'>Terroe</span> <span class='ocrx_word' id='word_1_269' title='bbox 1015 4046 1228 4145; x_wconf 80' lang='lat' dir='ltr'>progressivus</span> <span class='ocrx_word' id='word_1_270' title='bbox 1243 4046 1276 4110; x_wconf 90' lang='lat' dir='ltr'>in</span> <span class='ocrx_word' id='word_1_271' title='bbox 1291 4044 1345 4111; x_wconf 80' lang='lat' dir='ltr'>sut</span> <span class='ocrx_word' id='word_1_272' title='bbox 1360 4046 1463 4111; x_wconf 72' lang='lat' dir='ltr'>orbiti</span> <span class='ocrx_word' id='word_1_273' title='bbox 1476 4045 1529 4111; x_wconf 89' lang='lat' dir='ltr'>de·</span> 
     </span>
    </p>
   </div>
   <div class='ocr_carea' id='block_1_10' title="bbox 199 4152 1673 4453">
    <p class='ocr_par' dir='ltr' id='par_1_10' title="bbox 199 4152 1673 4453">
     <span class='ocr_line' id='line_1_31' title="bbox 252 4152 1673 4238; baseline 0.004 -24"><span class='ocrx_word' id='word_1_274' title='bbox 252 4152 411 4219; x_wconf 74' lang='lat' dir='ltr'>terminari</span> <span class='ocrx_word' id='word_1_275' title='bbox 425 4152 513 4218; x_wconf 80' lang='lat' dir='ltr'>solet.</span> <span class='ocrx_word' id='word_1_276' title='bbox 559 4152 748 4238; x_wconf 82' lang='lat' dir='ltr'>Exhooqne</span> <span class='ocrx_word' id='word_1_277' title='bbox 761 4152 917 4237; x_wconf 88' lang='lat' dir='ltr'>principio</span> <span class='ocrx_word' id='word_1_278' title='bbox 930 4153 1066 4219; x_wconf 86' lang='lat' dir='ltr'>innotuit</span> <span class='ocrx_word' id='word_1_279' title='bbox 1078 4154 1140 4217; x_wconf 84' lang='lat' dir='ltr'>vim</span> <span class='ocrx_word' id='word_1_280' title='bbox 1155 4153 1237 4219; x_wconf 79' lang='lat' dir='ltr'>hanc</span> <span class='ocrx_word' id='word_1_281' title='bbox 1253 4154 1334 4223; x_wconf 85' lang='lat' dir='ltr'>Solis</span> <span class='ocrx_word' id='word_1_282' title='bbox 1348 4154 1481 4235; x_wconf 80' lang='lat' dir='ltr'>efficere,</span> <span class='ocrx_word' id='word_1_283' title='bbox 1495 4164 1531 4219; x_wconf 90' lang='lat' dir='ltr'>ut</span> <span class='ocrx_word' id='word_1_284' title='bbox 1672 4188 1673 4193; x_wconf 13' lang='grc' dir='ltr'><strong>κ</strong></span> 
     </span>
     <span class='ocr_line' id='line_1_32' title="bbox 250 4256 1530 4343; baseline 0.004 -22"><span class='ocrx_word' id='word_1_285' title='bbox 250 4256 352 4321; x_wconf 80' lang='lat' dir='ltr'>Terre</span> <span class='ocrx_word' id='word_1_286' title='bbox 376 4258 459 4323; x_wconf 88' lang='lat' dir='ltr'>circa</span> <span class='ocrx_word' id='word_1_287' title='bbox 485 4259 590 4324; x_wconf 90' lang='lat' dir='ltr'>Solem</span> <span class='ocrx_word' id='word_1_288' title='bbox 613 4259 647 4323; x_wconf 92' lang='lat' dir='ltr'>in</span> <span class='ocrx_word' id='word_1_289' title='bbox 670 4257 771 4323; x_wconf 72' lang='lat' dir='ltr'>orbiti</span> <span class='ocrx_word' id='word_1_290' title='bbox 792 4258 927 4343; x_wconf 79' lang='lat' dir='ltr'>ellipticd</span> <span class='ocrx_word' id='word_1_291' title='bbox 949 4258 1192 4339; x_wconf 85' lang='lat' dir='ltr'>circumferatur,</span> <span class='ocrx_word' id='word_1_292' title='bbox 1216 4262 1277 4325; x_wconf 83' lang='lat' dir='ltr'>vim</span> <span class='ocrx_word' id='word_1_293' title='bbox 1299 4260 1403 4325; x_wconf 84' lang='lat' dir='ltr'>Lunae</span> <span class='ocrx_word' id='word_1_294' title='bbox 1427 4272 1530 4325; x_wconf 83' lang='lat' dir='ltr'>cutem</span> 
     </span>
     <span class='ocr_line' id='line_1_33' title="bbox 199 4364 1673 4453; baseline 0.007 -30"><span class='ocrx_word' id='word_1_295' title='bbox 199 4416 202 4421; x_wconf 94' lang='lat'>.</span> <span class='ocrx_word' id='word_1_296' title='bbox 249 4376 315 4427; x_wconf 81' lang='lat' dir='ltr'>tum</span> <span class='ocrx_word' id='word_1_297' title='bbox 333 4384 401 4428; x_wconf 80' lang='lat' dir='ltr'>esse</span> <span class='ocrx_word' id='word_1_298' title='bbox 419 4364 565 4445; x_wconf 84' lang='lat' dir='ltr'>debilem,</span> <span class='ocrx_word' id='word_1_299' title='bbox 586 4378 623 4432; x_wconf 88' lang='lat' dir='ltr'>ut</span> <span class='ocrx_word' id='word_1_300' title='bbox 643 4365 696 4431; x_wconf 80' lang='lat' dir='ltr'>vix</span> <span class='ocrx_word' id='word_1_301' title='bbox 717 4388 817 4431; x_wconf 77' lang='lat' dir='ltr'>aene</span> <span class='ocrx_word' id='word_1_302' title='bbox 836 4366 890 4431; x_wconf 84' lang='lat' dir='ltr'>vix</span> <span class='ocrx_word' id='word_1_303' title='bbox 911 4366 1038 4453; x_wconf 85' lang='lat' dir='ltr'>quidem</span> <span class='ocrx_word' id='word_1_304' title='bbox 1050 4366 1149 4447; x_wconf 77' lang='lat' dir='ltr'>ullum</span> <span class='ocrx_word' id='word_1_305' title='bbox 1171 4368 1348 4433; x_wconf 86' lang='lat' dir='ltr'>sensibilem</span> <span class='ocrx_word' id='word_1_306' title='bbox 1366 4370 1528 4453; x_wconf 87' lang='lat' dir='ltr'>perturbe-</span> <span class='ocrx_word' id='word_1_307' title='bbox 1672 4404 1673 4415; x_wconf 27' lang='grc' dir='ltr'><strong>κ</strong></span> 
     </span>
    </p>
   </div>
   <div class='ocr_carea' id='block_1_11' title="bbox 248 4474 1673 4849">
    <p class='ocr_par' dir='ltr' id='par_1_11' title="bbox 248 4474 1529 4562">
     <span class='ocr_line' id='line_1_34' title="bbox 248 4474 1529 4562; baseline 0.002 -23"><span class='ocrx_word' id='word_1_308' title='bbox 248 4474 367 4539; x_wconf 85' lang='lat' dir='ltr'>tionem</span> <span class='ocrx_word' id='word_1_309' title='bbox 388 4475 421 4537; x_wconf 92' lang='lat' dir='ltr'>in</span> <span class='ocrx_word' id='word_1_310' title='bbox 440 4488 529 4541; x_wconf 87' lang='lat' dir='ltr'>motu</span> <span class='ocrx_word' id='word_1_311' title='bbox 551 4476 665 4542; x_wconf 80' lang='lat' dir='ltr'>Terrae</span> <span class='ocrx_word' id='word_1_312' title='bbox 680 4479 789 4542; x_wconf 66' lang='lat' dir='ltr'>cunno</span> <span class='ocrx_word' id='word_1_313' title='bbox 808 4476 983 4562; x_wconf 79' lang='lat' dir='ltr'>producere</span> <span class='ocrx_word' id='word_1_314' title='bbox 996 4476 1105 4543; x_wconf 79' lang='lat' dir='ltr'>voleat.</span> <span class='ocrx_word' id='word_1_315' title='bbox 1151 4476 1270 4545; x_wconf 69' lang='lat' dir='ltr'>Contuli</span> <span class='ocrx_word' id='word_1_316' title='bbox 1284 4491 1389 4543; x_wconf 83' lang='lat' dir='ltr'>eutem</span> <span class='ocrx_word' id='word_1_317' title='bbox 1403 4478 1529 4543; x_wconf 88' lang='lat' dir='ltr'>docebi-</span> 
     </span>
    </p>

    <p class='ocr_par' dir='ltr' id='par_1_12' title="bbox 248 4582 1528 4674">
     <span class='ocr_line' id='line_1_35' title="bbox 248 4582 1528 4674; baseline 0.004 -28"><span class='ocrx_word' id='word_1_318' title='bbox 248 4594 311 4659; x_wconf 89' lang='lat' dir='ltr'>tur,</span> <span class='ocrx_word' id='word_1_319' title='bbox 334 4582 397 4646; x_wconf 80' lang='lat' dir='ltr'>uim</span> <span class='ocrx_word' id='word_1_320' title='bbox 419 4582 521 4646; x_wconf 80' lang='lat' dir='ltr'>Lunae</span> <span class='ocrx_word' id='word_1_321' title='bbox 540 4585 582 4648; x_wconf 85' lang='lat' dir='ltr'>nd</span> <span class='ocrx_word' id='word_1_322' title='bbox 602 4596 707 4668; x_wconf 76' lang='lat' dir='ltr'>partes</span> <span class='ocrx_word' id='word_1_323' title='bbox 730 4586 841 4651; x_wconf 80' lang='lat' dir='ltr'>Terrae</span> <span class='ocrx_word' id='word_1_324' title='bbox 862 4585 943 4651; x_wconf 86' lang='lat' dir='ltr'>inter</span> <span class='ocrx_word' id='word_1_325' title='bbox 957 4608 990 4651; x_wconf 86' lang='lat' dir='ltr'>se</span> <span class='ocrx_word' id='word_1_326' title='bbox 1005 4585 1245 4651; x_wconf 82' lang='lat' dir='ltr'>commovendus</span> <span class='ocrx_word' id='word_1_327' title='bbox 1258 4608 1296 4651; x_wconf 84' lang='lat' dir='ltr'>cc</span> <span class='ocrx_word' id='word_1_328' title='bbox 1310 4608 1395 4651; x_wconf 84' lang='lat' dir='ltr'>mere</span> <span class='ocrx_word' id='word_1_329' title='bbox 1410 4588 1528 4674; x_wconf 76' lang='lat' dir='ltr'>agitari·</span> 
     </span>
    </p>

    <p class='ocr_par' dir='ltr' id='par_1_13' title="bbox 249 4674 1673 4849">
     <span class='ocr_line' id='line_1_36' title="bbox 249 4674 1673 4783; baseline 0.004 -29"><span class='ocrx_word' id='word_1_330' title='bbox 249 4689 325 4755; x_wconf 92' lang='lat' dir='ltr'>dum</span> <span class='ocrx_word' id='word_1_331' title='bbox 338 4692 438 4759; x_wconf 80' lang='lat' dir='ltr'>mrdtd</span> <span class='ocrx_word' id='word_1_332' title='bbox 451 4712 520 4759; x_wconf 80' lang='lat' dir='ltr'>esse</span> <span class='ocrx_word' id='word_1_333' title='bbox 532 4691 693 4760; x_wconf 72' lang='lat' dir='ltr'>fortiorem</span> <span class='ocrx_word' id='word_1_334' title='bbox 704 4696 736 4761; x_wconf 82' lang='lat' dir='ltr'>vi</span> <span class='ocrx_word' id='word_1_335' title='bbox 751 4696 851 4772; x_wconf 78' lang='lat' dir='ltr'>Solis3</span> <span class='ocrx_word' id='word_1_336' title='bbox 865 4717 905 4761; x_wconf 85' lang='lat' dir='ltr'>ex</span> <span class='ocrx_word' id='word_1_337' title='bbox 919 4718 982 4783; x_wconf 89' lang='lat' dir='ltr'>quo</span> <span class='ocrx_word' id='word_1_338' title='bbox 995 4696 1150 4783; x_wconf 84' lang='lat' dir='ltr'>plerisque</span> <span class='ocrx_word' id='word_1_339' title='bbox 1163 4696 1266 4782; x_wconf 92' lang='lat' dir='ltr'>primo</span> <span class='ocrx_word' id='word_1_340' title='bbox 1279 4696 1392 4761; x_wconf 90' lang='lat' dir='ltr'>intuitu</span> <span class='ocrx_word' id='word_1_341' title='bbox 1407 4696 1531 4764; x_wconf 73' lang='lat' dir='ltr'>mmmd</span> <span class='ocrx_word' id='word_1_342' title='bbox 1672 4674 1673 4759; x_wconf 73' lang='lat' dir='ltr'>i</span> 
     </span>
     <span class='ocr_line' id='line_1_37' title="bbox 339 4817 348 4849; baseline 0 0"><span class='ocrx_word' id='word_1_343' title='bbox 339 4817 348 4849; x_wconf 74' lang='lat' dir='ltr'>l</span> 
     </span>
    </p>
   </div>
   <div class='ocr_carea' id='block_1_12' title="bbox 0 0 1696 5459">
    <p class='ocr_par' dir='ltr' id='par_1_14' title="bbox 0 0 1696 5459">
     <span class='ocr_line' id='line_1_38' title="bbox 0 0 1696 5459; baseline 0 4"><span class='ocrx_word' id='word_1_344' title='bbox 0 0 1696 5459; x_wconf 95' lang='lat' dir='ltr'> </span> 
     </span>
    </p>
   </div>
  </div>
 </body>
</html>
