3384 5459
307 408 371 471 aaa
557 402 824 480 vuoursrrro
845 400 1053 467 vnvsrca
1077 400 1125 465 nv
1150 398 1345 472 causant
1676 384 1678 479 l

309 578 486 663 conjunctio
507 579 572 643 sive
593 578 750 663 oppositio
770 578 969 642 luminarium
990 599 1098 642 verum
1119 574 1281 640 meridiem
1302 572 1351 639 vel
1373 572 1526 657 precedit
1548 573 1603 637 vd

307 688 456 773 sequitur,
472 686 634 770 duplicari,
650 686 842 772 totidemque
856 689 975 749 minuta
987 688 1090 770 prima
1099 686 1140 750 ad
1154 698 1276 769 tempus
1286 683 1426 749 medium
1436 695 1599 759 notatum,

308 816 371 879 quo
391 792 495 856 fluxus
517 794 640 856 evenire
661 793 750 870 solet,
773 794 822 856 vel
842 792 917 857 addi
938 793 987 857 vel
1008 794 1047 857 ab
1063 815 1101 857 eo
1116 791 1265 869 subtrahi,
1282 814 1345 877 quo
1360 813 1468 855 verum
1484 788 1598 855 fluxius

305 914 498 965 momentum
523 900 709 963 obtineatur.
765 900 925 976 Quoniam
955 912 1058 967 autern
1086 900 1156 965 haec
1185 899 1336 966 correctio
1361 898 1472 973 nititur
1501 909 1597 961 motu
1677 968 1678 985 χ

180 1046 188 1061 ·
308 1007 410 1072 Lunae
430 1006 546 1082 medio,
566 1009 765 1091 perspicuum
787 1021 835 1071 est
856 1030 924 1071 eam
946 1008 1137 1073 correctione
1158 1008 1299 1077 adteriori
1320 1028 1399 1091 opus
1419 1006 1551 1083 habere,
1576 1028 1596 1069 a

306 1135 382 1178 vero
397 1114 498 1178 Lunae
512 1126 600 1177 motu
614 1113 720 1198 petiti,
737 1137 808 1201 quaa
818 1115 893 1179 verb
906 1116 1089 1201 plerumque
1100 1116 1160 1181 erit
1174 1116 1370 1193 insensibilis,
1382 1114 1594 1181 consumma

304 1246 396 1309 aquoe
410 1224 539 1288 elevatio
553 1247 617 1287 non
632 1224 735 1288 subitb
749 1226 839 1303 adsit,
856 1225 911 1289 sed
924 1246 982 1311 per
997 1237 1119 1309 tempus
1135 1226 1208 1289 satis
1223 1223 1359 1291 notabile
1374 1225 1476 1290 duret.

346 1338 371 1413 p.
387 1342 439 1397 61.
462 1333 533 1395 Nisi
553 1346 658 1397 autem
679 1334 845 1397 luminaria
865 1334 1010 1417 proxima
1025 1334 1086 1397 sint
1101 1332 1151 1397 vel
1165 1331 1374 1417 conjunctioni
1389 1330 1439 1393 vel
1460 1329 1592 1413 opposi-

304 1436 392 1515 tioni,
408 1439 547 1503 maxima
559 1440 654 1502 maris
668 1440 800 1504 elevatio
813 1462 877 1504 non
899 1442 933 1503 in
954 1441 1058 1523 ipsum
1076 1440 1179 1505 Lunae
1191 1439 1354 1503 transitum
1368 1458 1426 1519 per
1439 1436 1592 1500 meridia·

302 1565 380 1609 num
405 1547 529 1611 incidet
575 1547 734 1622 Quoniam
759 1549 842 1613 enim
870 1550 961 1613 Luna
986 1550 1060 1615 dum
1083 1572 1183 1635 prope
1205 1548 1412 1613 meridianum
1433 1558 1589 1622 versatur,

302 1671 361 1739 per
381 1654 508 1740 aliquod
527 1668 651 1741 tempus
673 1657 804 1721 eandem
825 1658 1019 1723 altitudinem
1034 1670 1205 1736 conservat,
1225 1658 1376 1740 tantisper
1390 1656 1485 1719 etiam
1500 1676 1589 1719 mare

303 1761 435 1826 eandem
457 1762 659 1826 elevationem
681 1765 842 1841 retinebit3
866 1776 897 1828 et
918 1765 999 1828 hanc
1014 1764 1055 1827 ob
1070 1786 1137 1827 rem
1152 1765 1177 1827 si
1197 1764 1251 1827 Sol
1265 1764 1384 1827 interea
1399 1762 1589 1827 sensibiliter

301 1869 352 1932 vel
373 1870 413 1931 ab
435 1868 596 1932 horizonte
618 1870 752 1948 recedat,
769 1870 816 1933 vel
833 1870 876 1933 ed
892 1868 1024 1933 eundem
1039 1869 1177 1945 accedat,
1200 1870 1246 1931 vis
1270 1868 1352 1933 Solis
1367 1866 1408 1931 ad
1422 1890 1509 1930 mare
1523 1868 1588 1931 ele-

302 1975 437 2037 vandum
458 1975 509 2037 vel
531 1988 650 2039 crescet
670 1976 866 2052 sensibiliter,
888 1977 937 2040 vel
956 1976 1130 2051 decrescet;
1153 1996 1193 2039 ex
1208 1998 1270 2061 quo
1286 1976 1362 2039 dum
1378 1975 1471 2038 Luna
1485 1996 1586 2059 prope

302 2080 513 2143 meridianum
534 2082 648 2157 existit,
671 2082 741 2145 fieri
760 2095 875 2165 potest,
900 2095 934 2146 ut
955 2095 1059 2147 tamen
1080 2105 1165 2147 mare
1180 2084 1349 2146 etiamnum
1364 2083 1512 2159 elevetur,
1537 2084 1586 2147 vel

300 2188 381 2253 oded
399 2191 468 2274 jam
491 2189 685 2275 deprimatur
708 2214 727 2253 a
743 2192 825 2256 Sole.
871 2192 921 2255 Ex
945 2192 993 2255 his
1018 2193 1113 2279 igitur
1135 2192 1333 2276 perspicuum
1360 2204 1408 2254 est
1433 2214 1585 2255 summam

298 2300 394 2362 maris
409 2300 602 2363 altitudinem
617 2300 737 2364 tardiria
757 2322 811 2363 seu
825 2312 897 2384 post
912 2300 1075 2364 transitum
1096 2301 1197 2365 Lunae
1211 2321 1269 2383 per
1283 2300 1489 2363 meridianum
1504 2300 1585 2365 acci·
1677 2358 1678 2361 ,

299 2402 375 2469 der‘e
399 2406 522 2483 debere,
548 2408 636 2471 sico
659 2420 803 2499 tempore
828 2407 883 2472 Sol
906 2406 946 2471 ab
969 2406 1130 2471 horizonte
1154 2406 1289 2483 accedat,
1314 2407 1347 2469 id
1370 2406 1456 2491 quod
1482 2406 1586 2469 evenit
1677 2403 1678 2425 ¹

298 2515 408 2579 diebus
437 2516 630 2579 novilunimn
658 2528 691 2579 et
718 2516 923 2601 plenilunium
952 2514 1208 2598 precedentibus.
1277 2512 1395 2577 Contra
1424 2526 1526 2575 autern
1559 2514 1584 2576 si

296 2623 393 2688 Luna
413 2636 485 2708 post
508 2623 613 2687 Solem
634 2646 693 2708 per
714 2624 919 2687 meridianum
942 2635 1087 2698 transeat,
1110 2622 1205 2707 idque
1219 2622 1268 2685 vel
1290 2634 1361 2685 onte
1381 2621 1463 2685 Solis
1478 2634 1584 2683 ortum

296 2732 347 2795 vel
369 2749 441 2796 ante
462 2754 628 2809 occasum3
649 2744 726 2809 turn,
749 2732 823 2817 quia
843 2752 929 2795 mare
951 2730 984 2793 iu
999 2730 1130 2793 transitu
1147 2729 1249 2793 Lunae
1270 2749 1327 2813 per
1341 2727 1585 2791 meridianuma

295 2839 328 2900 vi
351 2838 432 2903 Solis
455 2838 650 2922 deprimitur,
673 2838 842 2901 maximam
864 2836 974 2900 habuit
992 2835 1188 2902 altitudinem
1203 2850 1275 2903 ante
1288 2836 1457 2920 appulsum
1481 2836 1584 2905 Lunae

297 2946 339 3009 ad
359 2947 575 3025 meridianum,
598 2946 633 3009 id
648 2946 735 3032 quod
756 2946 909 3032 contingit
924 2946 1032 3009 diebus
1051 2944 1245 3009 novilunium
1265 2945 1513 3030 pleniluniumve
1535 2966 1583 3007 se·

293 3055 473 3138 quentibus.
519 3054 658 3130 Quando
672 3067 776 3120 autern
794 3056 850 3119 Sol
865 3056 968 3138 ipsum
982 3054 1175 3117 horizontem
1191 3066 1331 3137 occupet,
1349 3052 1427 3116 dum
1442 3051 1535 3115 Luna
1548 3052 1583 3113 in
1675 3114 1676 3127 ,

296 3162 469 3225 meridiano
483 3176 633 3240 versatur,
655 3175 723 3226 tum
744 3163 865 3229 etiamsi
886 3162 1033 3227 distantia
1049 3162 1130 3229 Solis
1145 3161 1184 3225 ab
1198 3160 1360 3225 horizonte
1374 3182 1526 3245 perquam
1541 3160 1583 3223 sit
1675 3136 1676 3155 Χ

293 3273 460 3352 mutabilis,
484 3286 589 3339 tamen
611 3274 683 3338 crim
704 3274 884 3338 elevationis
905 3275 951 3336 vis
966 3272 1118 3357 quadrato
1140 3272 1225 3337 sinus
1247 3270 1420 3335 altitudinis
1444 3270 1525 3335 Solis
1540 3270 1582 3333 sit

293 3382 544 3466 proportionalis,
561 3382 647 3468 quod
661 3382 788 3445 omnino
803 3380 967 3456 evanescit,
990 3380 1083 3443 etiarn
1097 3378 1158 3442 hoc
1174 3400 1247 3443 casu
1261 3380 1398 3443 maxima
1413 3399 1503 3463 aquae
1518 3376 1581 3440 ele·

291 3492 377 3553 vatio
400 3491 433 3553 in
456 3492 559 3575 ipsum
583 3490 685 3555 Lunae
710 3512 767 3575 per
789 3490 997 3555 meridianum
1018 3489 1183 3555 transitum
1204 3488 1330 3565 incidet,
1355 3488 1469 3574 hicque
1491 3508 1582 3551 casus
1674 3504 1675 3570 ,

294 3598 377 3662 circa
389 3597 596 3683 quadraturas
611 3598 811 3662 luminarium
825 3598 930 3661 locum
945 3596 1049 3661 habet.

337 3712 429 3789 §.62
452 3706 500 3771 Ut
520 3706 615 3791 igitur
637 3709 818 3784 innotescat,
842 3720 1004 3793 quamtum
1026 3706 1108 3771 vires
1132 3702 1203 3769 crim
1228 3704 1309 3769 Solis
1331 3702 1399 3768 tritu
1422 3704 1524 3767 Lunoe
1538 3704 1581 3767 ad

293 3836 379 3878 mare
400 3814 586 3881 elevandum
608 3813 682 3879 dato
697 3827 838 3899 tempore
859 3817 908 3880 vel
923 3829 1063 3881 crescant
1076 3815 1125 3878 vel
1140 3814 1330 3892 decrescant,
1346 3814 1424 3879 dum
1439 3814 1479 3879 ab
1494 3813 1581 3903 hori·
1673 3870 1674 3899 ,

292 3935 384 3986 zonte
408 3922 636 4008 aliquantillum
659 3924 709 3987 vel
735 3922 895 4002 recedunt,
925 3924 975 3989 vel
1004 3924 1045 3988 ad
1071 3923 1204 3988 eundem
1234 3924 1395 4002 accedunt,
1425 3944 1581 4007 ponamus

179 4036 186 4052 '
295 4030 400 4095 Solem
424 4030 587 4095 Lunamve
611 4032 644 4094 in
667 4031 696 4095 L
717 4032 842 4107 versari,
873 4042 965 4118 atque
994 4032 1067 4096 inde
1096 4029 1136 4095 ad
1164 4044 1316 4114 punctum
1344 4030 1510 4094 meridiani
1539 4029 1580 4093 M

292 4137 450 4225 progredi.
496 4138 709 4223 Tempusculo
723 4162 799 4227 ergo
813 4162 870 4225 per
885 4142 1035 4228 angulum
1050 4142 1080 4207 L
1093 4140 1143 4205 Pl
1157 4172 1192 4195 =
1205 4140 1227 4205 d
1239 4148 1252 4207 t
1266 4152 1490 4227 repraesentato
1504 4160 1579 4224 pro·

293 4246 453 4333 gredietur
475 4247 568 4312 Luna
582 4246 632 4310 vel
648 4248 703 4312 Sol
724 4270 765 4311 ex
788 4248 817 4312 L
839 4251 872 4311 in
892 4250 904 4313 l
922 4263 1016 4336 atque
1030 4251 1069 4314 ab
1083 4250 1245 4315 horizonte
1261 4250 1471 4317 removebitur
1485 4251 1580 4313 inter-

294 4351 376 4413 vallo
391 4351 421 4415 L
434 4351 476 4413 h:
499 4352 540 4416 ad
555 4352 640 4438 quod
662 4354 883 4419 inveniendum
897 4357 937 4420 sit
952 4371 986 4420 ut
1000 4355 1072 4419 ante
1087 4357 1194 4443 anguli
1210 4357 1249 4423 M
1266 4356 1293 4423 P
1309 4357 1338 4421 L
1353 4358 1479 4423 casinus
1499 4386 1534 4413 -·=
1552 4366 1576 4433 t,

1284 4474 1316 4540 -ι-
1337 4462 1387 4527 dt
1464 4526 1497 4540 ,
1516 4464 1565 4526 dt

286 4453 326 4563 et
340 4500 425 4563 sinus
448 4526 479 4558 =
499 4501 540 4579 T,
563 4484 683 4588 eritque
698 4504 764 4588 ipse
779 4504 911 4591 angulus
926 4505 955 4570 L
973 4503 1026 4569 Pl
1047 4528 1078 4562 =
1098 4504 1119 4569 d
1135 4512 1148 4567 t
1168 4530 1198 4542 -

295 4672 902 4761 exquoorieturanguliMPloosinus
917 4698 948 4735 =
965 4684 978 4737 t
993 4682 1026 4751 ÷
1042 4674 1154 4741 dte-t
1169 4682 1202 4751 ÷
1217 4674 1312 4740 Tda
1330 4674 1581 4761 Sijamponatur
