<?xml version="1.0" encoding="UTF-8"?>
<!DOCTYPE html PUBLIC "-//W3C//DTD XHTML 1.0 Transitional//EN"
    "http://www.w3.org/TR/xhtml1/DTD/xhtml1-transitional.dtd">
<html xmlns="http://www.w3.org/1999/xhtml" xml:lang="en" lang="en">
 <head>
  <title>
</title>
<meta http-equiv="Content-Type" content="text/html;charset=utf-8" />
  <meta name='ocr-system' content='tesseract 3.04.00' />
  <meta name='ocr-capabilities' content='ocr_page ocr_carea ocr_par ocr_line ocrx_word'/>
</head>
<body>
  <div class='ocr_page' id='page_1' title='image "./philosophinatur05wriggoog_0147.png"; bbox 0 0 3384 5459; ppageno 0'>
   <div class='ocr_carea' id='block_1_1' title="bbox 330 1039 1283 1150">
    <p class='ocr_par' dir='ltr' id='par_1_1' title="bbox 330 1039 1283 1150">
     <span class='ocr_line' id='line_1_1' title="bbox 330 1039 1283 1150; baseline -0.016 0"><span class='ocrx_word' id='word_1_1' title='bbox 330 1050 730 1150; x_wconf 85' lang='lat' dir='ltr'>EDITOR</span> <span class='ocrx_word' id='word_1_2' title='bbox 799 1039 1283 1144; x_wconf 83' lang='lat' dir='ltr'><strong>LECTORI.</strong></span> 
     </span>
    </p>
   </div>
   <div class='ocr_carea' id='block_1_2' title="bbox 163 1743 1557 4668">
    <p class='ocr_par' dir='ltr' id='par_1_2' title="bbox 163 1743 1557 3151">
     <span class='ocr_line' id='line_1_2' title="bbox 163 1743 1468 1868; baseline -0.003 -28"><span class='ocrx_word' id='word_1_3' title='bbox 163 1743 346 1840; x_wconf 72' lang='lat' dir='ltr'><strong>Fuimus</strong></span> <span class='ocrx_word' id='word_1_4' title='bbox 361 1775 568 1868; x_wconf 74' lang='lat' dir='ltr'><strong>commentari</strong></span> <span class='ocrx_word' id='word_1_5' title='bbox 582 1794 645 1836; x_wconf 93' lang='lat' dir='ltr'><strong>non</strong></span> <span class='ocrx_word' id='word_1_6' title='bbox 661 1795 826 1857; x_wconf 88' lang='lat' dir='ltr'><strong>possumus</strong></span> <span class='ocrx_word' id='word_1_7' title='bbox 837 1796 875 1838; x_wconf 89' lang='lat' dir='ltr'><strong>ea</strong></span> <span class='ocrx_word' id='word_1_8' title='bbox 886 1796 956 1858; x_wconf 80' lang='lat' dir='ltr'><strong>quae</strong></span> <span class='ocrx_word' id='word_1_9' title='bbox 972 1773 1066 1838; x_wconf 78' lang='lat' dir='ltr'><strong>tradit</strong></span> <span class='ocrx_word' id='word_1_10' title='bbox 1080 1785 1171 1837; x_wconf 86' lang='lat' dir='ltr'><strong>autor</strong></span> <span class='ocrx_word' id='word_1_11' title='bbox 1181 1785 1287 1836; x_wconf 88' lang='lat' dir='ltr'><strong>noster</strong></span> <span class='ocrx_word' id='word_1_12' title='bbox 1297 1771 1337 1836; x_wconf 91' lang='lat' dir='ltr'><strong>de</strong></span> <span class='ocrx_word' id='word_1_13' title='bbox 1350 1771 1468 1836; x_wconf 83' lang='lat' dir='ltr'><strong>Maris</strong></span> 
     </span>
     <span class='ocr_line' id='line_1_3' title="bbox 166 1878 1452 1968; baseline -0.008 -18"><span class='ocrx_word' id='word_1_14' title='bbox 166 1885 274 1961; x_wconf 82' lang='lat' dir='ltr'><strong>AEstu,</strong></span> <span class='ocrx_word' id='word_1_15' title='bbox 290 1880 385 1968; x_wconf 74' lang='lat' dir='ltr'><strong>quim</strong></span> <span class='ocrx_word' id='word_1_16' title='bbox 398 1881 473 1945; x_wconf 92' lang='lat' dir='ltr'><strong>huic</strong></span> <span class='ocrx_word' id='word_1_17' title='bbox 482 1879 689 1963; x_wconf 79' lang='lat' dir='ltr'><strong>propositioni</strong></span> <span class='ocrx_word' id='word_1_18' title='bbox 704 1879 922 1966; x_wconf 83' lang='lat' dir='ltr'><strong>subjungendo</strong></span> <span class='ocrx_word' id='word_1_19' title='bbox 936 1901 987 1942; x_wconf 87' lang='lat' dir='ltr'><strong>eas</strong></span> <span class='ocrx_word' id='word_1_20' title='bbox 999 1878 1229 1944; x_wconf 71' lang='lat' dir='ltr'><strong>dissertationes</strong></span> <span class='ocrx_word' id='word_1_21' title='bbox 1240 1899 1311 1962; x_wconf 84' lang='lat' dir='ltr'><strong>quoe</strong></span> <span class='ocrx_word' id='word_1_22' title='bbox 1322 1878 1452 1961; x_wconf 88' lang='lat' dir='ltr'><strong>praemio</strong></span> 
     </span>
     <span class='ocr_line' id='line_1_4' title="bbox 166 1985 1454 2071; baseline -0.009 -12"><span class='ocrx_word' id='word_1_23' title='bbox 166 1995 256 2059; x_wconf 71' lang='lat' dir='ltr'><strong>fuere</strong></span> <span class='ocrx_word' id='word_1_24' title='bbox 276 1991 493 2058; x_wconf 77' lang='lat' dir='ltr'><strong>condecorata</strong></span> <span class='ocrx_word' id='word_1_25' title='bbox 515 2011 535 2051; x_wconf 88' lang='lat' dir='ltr'><strong>a</strong></span> <span class='ocrx_word' id='word_1_26' title='bbox 555 1987 671 2052; x_wconf 86' lang='lat' dir='ltr'><strong>celebri</strong></span> <span class='ocrx_word' id='word_1_27' title='bbox 694 1988 861 2053; x_wconf 90' lang='lat' dir='ltr'><strong>Parisiensi</strong></span> <span class='ocrx_word' id='word_1_28' title='bbox 883 1987 1088 2052; x_wconf 83' lang='lat' dir='ltr'><strong>Scientiamnt</strong></span> <span class='ocrx_word' id='word_1_29' title='bbox 1105 1985 1286 2050; x_wconf 75' lang='lat' dir='ltr'><strong>Academia.</strong></span> <span class='ocrx_word' id='word_1_30' title='bbox 1332 1985 1371 2050; x_wconf 91' lang='lat' dir='ltr'><strong>ld</strong></span> <span class='ocrx_word' id='word_1_31' title='bbox 1386 1985 1454 2071; x_wconf 90' lang='lat' dir='ltr'><strong>qui-</strong></span> 
     </span>
     <span class='ocr_line' id='line_1_5' title="bbox 165 2093 1455 2183; baseline -0.007 -18"><span class='ocrx_word' id='word_1_32' title='bbox 165 2101 240 2165; x_wconf 86' lang='lat' dir='ltr'><strong>dem</strong></span> <span class='ocrx_word' id='word_1_33' title='bbox 263 2099 403 2183; x_wconf 89' lang='lat' dir='ltr'><strong>primurn</strong></span> <span class='ocrx_word' id='word_1_34' title='bbox 424 2095 515 2160; x_wconf 88' lang='lat' dir='ltr'><strong>nohis</strong></span> <span class='ocrx_word' id='word_1_35' title='bbox 536 2093 637 2158; x_wconf 81' lang='lat' dir='ltr'><strong>fuerat</strong></span> <span class='ocrx_word' id='word_1_36' title='bbox 656 2095 862 2181; x_wconf 89' lang='lat' dir='ltr'><strong>propositum,</strong></span> <span class='ocrx_word' id='word_1_37' title='bbox 879 2107 914 2157; x_wconf 92' lang='lat' dir='ltr'><strong>ut</strong></span> <span class='ocrx_word' id='word_1_38' title='bbox 928 2117 966 2158; x_wconf 87' lang='lat' dir='ltr'><strong>ea</strong></span> <span class='ocrx_word' id='word_1_39' title='bbox 980 2116 1051 2178; x_wconf 85' lang='lat' dir='ltr'><strong>qute</strong></span> <span class='ocrx_word' id='word_1_40' title='bbox 1065 2093 1098 2156; x_wconf 92' lang='lat' dir='ltr'><strong>in</strong></span> <span class='ocrx_word' id='word_1_41' title='bbox 1113 2093 1173 2156; x_wconf 91' lang='lat' dir='ltr'><strong>illis</strong></span> <span class='ocrx_word' id='word_1_42' title='bbox 1188 2093 1455 2156; x_wconf 78' lang='lat' dir='ltr'><strong>dissertationibus</strong></span> 
     </span>
     <span class='ocr_line' id='line_1_6' title="bbox 165 2202 1457 2288; baseline -0.007 -15"><span class='ocrx_word' id='word_1_43' title='bbox 165 2207 413 2273; x_wconf 86' lang='lat' dir='ltr'><strong>momentosiora</strong></span> <span class='ocrx_word' id='word_1_44' title='bbox 433 2204 615 2269; x_wconf 90' lang='lat' dir='ltr'><strong>viderentur</strong></span> <span class='ocrx_word' id='word_1_45' title='bbox 636 2217 668 2268; x_wconf 90' lang='lat' dir='ltr'><strong>et</strong></span> <span class='ocrx_word' id='word_1_46' title='bbox 689 2203 731 2268; x_wconf 90' lang='lat' dir='ltr'><strong>ad</strong></span> <span class='ocrx_word' id='word_1_47' title='bbox 753 2203 969 2268; x_wconf 88' lang='lat' dir='ltr'><strong>Nevvtonianae</strong></span> <span class='ocrx_word' id='word_1_48' title='bbox 990 2202 1197 2288; x_wconf 65' lang='lat' dir='ltr'><strong>philosophia*</strong></span> <span class='ocrx_word' id='word_1_49' title='bbox 1219 2203 1457 2268; x_wconf 84' lang='lat' dir='ltr'><strong>illustrationem</strong></span> 
     </span>
     <span class='ocr_line' id='line_1_7' title="bbox 165 2307 1557 2400; baseline -0.004 -22"><span class='ocrx_word' id='word_1_50' title='bbox 165 2314 371 2400; x_wconf 78' lang='lat' dir='ltr'><strong>pertinerent,</strong></span> <span class='ocrx_word' id='word_1_51' title='bbox 397 2310 487 2374; x_wconf 89' lang='lat' dir='ltr'><strong>brevi</strong></span> <span class='ocrx_word' id='word_1_52' title='bbox 511 2308 698 2394; x_wconf 91' lang='lat' dir='ltr'><strong>compendio</strong></span> <span class='ocrx_word' id='word_1_53' title='bbox 727 2307 955 2393; x_wconf 90' lang='lat' dir='ltr'><strong>comprehensa</strong></span> <span class='ocrx_word' id='word_1_54' title='bbox 983 2309 1064 2372; x_wconf 90' lang='lat' dir='ltr'><strong>notis</strong></span> <span class='ocrx_word' id='word_1_55' title='bbox 1094 2308 1315 2393; x_wconf 83' lang='lat' dir='ltr'><strong>adjiceremus3</strong></span> <span class='ocrx_word' id='word_1_56' title='bbox 1348 2307 1458 2373; x_wconf 78' lang='lat' dir='ltr'><strong>verum</strong></span> <span class='ocrx_word' id='word_1_57' title='bbox 1552 2369 1557 2378; x_wconf 85' lang='grc'><em>,</em></span> 
     </span>
     <span class='ocr_line' id='line_1_8' title="bbox 166 2415 1458 2508; baseline -0.007 -19"><span class='ocrx_word' id='word_1_58' title='bbox 166 2438 282 2489; x_wconf 78' lang='lat' dir='ltr'><strong>nunca</strong></span> <span class='ocrx_word' id='word_1_59' title='bbox 303 2445 340 2488; x_wconf 83' lang='lat' dir='ltr'><strong>ac</strong></span> <span class='ocrx_word' id='word_1_60' title='bbox 361 2419 480 2508; x_wconf 83' lang='lat' dir='ltr'><strong>ingenii</strong></span> <span class='ocrx_word' id='word_1_61' title='bbox 492 2419 592 2482; x_wconf 85' lang='lat' dir='ltr'><strong>nostri</strong></span> <span class='ocrx_word' id='word_1_62' title='bbox 606 2418 683 2481; x_wconf 90' lang='lat' dir='ltr'><strong>vitio</strong></span> <span class='ocrx_word' id='word_1_63' title='bbox 696 2418 811 2483; x_wconf 90' lang='lat' dir='ltr'><strong>detrita</strong></span> <span class='ocrx_word' id='word_1_64' title='bbox 824 2417 973 2480; x_wconf 80' lang='lat' dir='ltr'><strong>exhibere</strong></span> <span class='ocrx_word' id='word_1_65' title='bbox 987 2415 1057 2483; x_wconf 77' lang='lat' dir='ltr'><strong>haec</strong></span> <span class='ocrx_word' id='word_1_66' title='bbox 1076 2417 1353 2482; x_wconf 83' lang='lat' dir='ltr'><strong>illustrissimorum</strong></span> <span class='ocrx_word' id='word_1_67' title='bbox 1376 2419 1458 2480; x_wconf 89' lang='lat' dir='ltr'><strong>viro-</strong></span> 
     </span>
     <span class='ocr_line' id='line_1_9' title="bbox 167 2521 1458 2615; baseline -0.007 -19"><span class='ocrx_word' id='word_1_68' title='bbox 167 2555 240 2596; x_wconf 91' lang='lat' dir='ltr'><strong>rum</strong></span> <span class='ocrx_word' id='word_1_69' title='bbox 256 2530 371 2615; x_wconf 87' lang='lat' dir='ltr'><strong>scripta</strong></span> <span class='ocrx_word' id='word_1_70' title='bbox 384 2524 498 2591; x_wconf 77' lang='lat' dir='ltr'><strong>merito</strong></span> <span class='ocrx_word' id='word_1_71' title='bbox 510 2526 623 2612; x_wconf 84' lang='lat' dir='ltr'><strong>piguit,</strong></span> <span class='ocrx_word' id='word_1_72' title='bbox 639 2537 671 2589; x_wconf 92' lang='lat' dir='ltr'><strong>et</strong></span> <span class='ocrx_word' id='word_1_73' title='bbox 684 2547 749 2588; x_wconf 93' lang='lat' dir='ltr'><strong>non</strong></span> <span class='ocrx_word' id='word_1_74' title='bbox 764 2523 974 2588; x_wconf 79' lang='lat' dir='ltr'><strong>dubitavimus</strong></span> <span class='ocrx_word' id='word_1_75' title='bbox 989 2545 1048 2586; x_wconf 92' lang='lat' dir='ltr'><strong>nos</strong></span> <span class='ocrx_word' id='word_1_76' title='bbox 1064 2521 1173 2588; x_wconf 82' lang='lat' dir='ltr'><strong>melitis</strong></span> <span class='ocrx_word' id='word_1_77' title='bbox 1185 2524 1379 2587; x_wconf 85' lang='lat' dir='ltr'><strong>consulturos</strong></span> <span class='ocrx_word' id='word_1_78' title='bbox 1391 2523 1458 2587; x_wconf 83' lang='lat' dir='ltr'><strong>thm</strong></span> 
     </span>
     <span class='ocr_line' id='line_1_10' title="bbox 168 2630 1460 2716; baseline -0.007 -14"><span class='ocrx_word' id='word_1_79' title='bbox 168 2637 340 2702; x_wconf 86' lang='lat' dir='ltr'><strong>lectoribus</strong></span> <span class='ocrx_word' id='word_1_80' title='bbox 356 2634 481 2710; x_wconf 86' lang='lat' dir='ltr'><strong>nostris,</strong></span> <span class='ocrx_word' id='word_1_81' title='bbox 503 2630 573 2696; x_wconf 79' lang='lat' dir='ltr'><strong>tum</strong></span> <span class='ocrx_word' id='word_1_82' title='bbox 594 2632 670 2716; x_wconf 90' lang='lat' dir='ltr'><strong>ipsis</strong></span> <span class='ocrx_word' id='word_1_83' title='bbox 684 2653 795 2712; x_wconf 86' lang='lat' dir='ltr'><strong>eorum</strong></span> <span class='ocrx_word' id='word_1_84' title='bbox 810 2632 998 2714; x_wconf 81' lang='lat' dir='ltr'><strong>scriptomm</strong></span> <span class='ocrx_word' id='word_1_85' title='bbox 1013 2630 1205 2707; x_wconf 78' lang='lat' dir='ltr'><strong>authoribus,</strong></span> <span class='ocrx_word' id='word_1_86' title='bbox 1229 2632 1256 2694; x_wconf 91' lang='lat' dir='ltr'><strong>si</strong></span> <span class='ocrx_word' id='word_1_87' title='bbox 1271 2630 1373 2715; x_wconf 91' lang='lat' dir='ltr'><strong>qualia</strong></span> <span class='ocrx_word' id='word_1_88' title='bbox 1387 2643 1460 2694; x_wconf 88' lang='lat' dir='ltr'><strong>sunt</strong></span> 
     </span>
     <span class='ocr_line' id='line_1_11' title="bbox 169 2737 1459 2824; baseline -0.005 -15"><span class='ocrx_word' id='word_1_89' title='bbox 169 2745 257 2810; x_wconf 86' lang='lat' dir='ltr'><strong>edita</strong></span> <span class='ocrx_word' id='word_1_90' title='bbox 276 2742 330 2808; x_wconf 90' lang='lat' dir='ltr'><strong>hic</strong></span> <span class='ocrx_word' id='word_1_91' title='bbox 351 2742 406 2806; x_wconf 87' lang='lat' dir='ltr'><strong>illa</strong></span> <span class='ocrx_word' id='word_1_92' title='bbox 426 2743 652 2805; x_wconf 86' lang='lat' dir='ltr'><strong>insereremus:</strong></span> <span class='ocrx_word' id='word_1_93' title='bbox 676 2737 811 2824; x_wconf 83' lang='lat' dir='ltr'><strong>crimque</strong></span> <span class='ocrx_word' id='word_1_94' title='bbox 838 2738 1005 2802; x_wconf 90' lang='lat' dir='ltr'><strong>authorum</strong></span> <span class='ocrx_word' id='word_1_95' title='bbox 1027 2737 1228 2824; x_wconf 87' lang='lat' dir='ltr'><strong>atypothetis</strong></span> <span class='ocrx_word' id='word_1_96' title='bbox 1242 2737 1382 2802; x_wconf 67' lang='lat' dir='ltr'><strong>absentia</strong></span> <span class='ocrx_word' id='word_1_97' title='bbox 1397 2737 1459 2802; x_wconf 84' lang='lat' dir='ltr'><strong>fac-</strong></span> 
     </span>
     <span class='ocr_line' id='line_1_12' title="bbox 170 2844 1461 2932; baseline -0.008 -14"><span class='ocrx_word' id='word_1_98' title='bbox 170 2866 240 2918; x_wconf 86' lang='lat' dir='ltr'><strong>tum</strong></span> <span class='ocrx_word' id='word_1_99' title='bbox 257 2852 297 2914; x_wconf 90' lang='lat' dir='ltr'><strong>sit</strong></span> <span class='ocrx_word' id='word_1_100' title='bbox 316 2863 352 2915; x_wconf 88' lang='lat' dir='ltr'><strong>ut</strong></span> <span class='ocrx_word' id='word_1_101' title='bbox 366 2851 399 2912; x_wconf 92' lang='lat' dir='ltr'><strong>in</strong></span> <span class='ocrx_word' id='word_1_102' title='bbox 415 2849 550 2915; x_wconf 86' lang='lat' dir='ltr'><strong>editione</strong></span> <span class='ocrx_word' id='word_1_103' title='bbox 568 2846 708 2912; x_wconf 75' lang='lat' dir='ltr'><strong>Parisinh</strong></span> <span class='ocrx_word' id='word_1_104' title='bbox 723 2846 859 2932; x_wconf 84' lang='lat' dir='ltr'><strong>plurime</strong></span> <span class='ocrx_word' id='word_1_105' title='bbox 873 2846 1055 2930; x_wconf 88' lang='lat' dir='ltr'><strong>irrepserint</strong></span> <span class='ocrx_word' id='word_1_106' title='bbox 1069 2844 1193 2922; x_wconf 85' lang='lat' dir='ltr'><strong>menda,</strong></span> <span class='ocrx_word' id='word_1_107' title='bbox 1210 2845 1297 2908; x_wconf 94' lang='lat' dir='ltr'><strong>nullo</strong></span> <span class='ocrx_word' id='word_1_108' title='bbox 1318 2867 1461 2908; x_wconf 89' lang='lat' dir='ltr'><strong>errorum</strong></span> 
     </span>
     <span class='ocr_line' id='line_1_13' title="bbox 171 2953 1462 3046; baseline -0.005 -20"><span class='ocrx_word' id='word_1_109' title='bbox 171 2961 317 3046; x_wconf 83' lang='lat' dir='ltr'><strong>catalogo</strong></span> <span class='ocrx_word' id='word_1_110' title='bbox 339 2969 489 3033; x_wconf 84' lang='lat' dir='ltr'><strong>correcta,</strong></span> <span class='ocrx_word' id='word_1_111' title='bbox 514 2980 552 3020; x_wconf 90' lang='lat' dir='ltr'><strong>ea</strong></span> <span class='ocrx_word' id='word_1_112' title='bbox 576 2955 893 3021; x_wconf 79' lang='lat' dir='ltr'><strong>demonstrationibus</strong></span> <span class='ocrx_word' id='word_1_113' title='bbox 927 2977 963 3020; x_wconf 91' lang='lat' dir='ltr'><strong>ac</strong></span> <span class='ocrx_word' id='word_1_114' title='bbox 992 2953 1117 3020; x_wconf 87' lang='lat' dir='ltr'><strong>calculis</strong></span> <span class='ocrx_word' id='word_1_115' title='bbox 1149 2953 1292 3018; x_wconf 73' lang='lat' dir='ltr'><strong>accurate</strong></span> <span class='ocrx_word' id='word_1_116' title='bbox 1322 2954 1462 3038; x_wconf 87' lang='lat' dir='ltr'><strong>repetitis</strong></span> 
     </span>
     <span class='ocr_line' id='line_1_14' title="bbox 172 3061 1427 3151; baseline -0.004 -21"><span class='ocrx_word' id='word_1_117' title='bbox 172 3065 419 3141; x_wconf 86' lang='lat' dir='ltr'><strong>emendavimus,</strong></span> <span class='ocrx_word' id='word_1_118' title='bbox 432 3064 613 3151; x_wconf 83' lang='lat' dir='ltr'><strong>figurasque</strong></span> <span class='ocrx_word' id='word_1_119' title='bbox 627 3063 668 3127; x_wconf 91' lang='lat' dir='ltr'><strong>ad</strong></span> <span class='ocrx_word' id='word_1_120' title='bbox 683 3064 762 3141; x_wconf 89' lang='lat' dir='ltr'><strong>loca,</strong></span> <span class='ocrx_word' id='word_1_121' title='bbox 780 3064 894 3151; x_wconf 89' lang='lat' dir='ltr'><strong>quibus</strong></span> <span class='ocrx_word' id='word_1_122' title='bbox 909 3062 1111 3148; x_wconf 87' lang='lat' dir='ltr'><strong>respondent,</strong></span> <span class='ocrx_word' id='word_1_123' title='bbox 1128 3062 1229 3148; x_wconf 87' lang='lat' dir='ltr'><strong>aptari</strong></span> <span class='ocrx_word' id='word_1_124' title='bbox 1243 3061 1427 3126; x_wconf 86' lang='lat' dir='ltr'><strong>curavimus.</strong></span> 
     </span>
    </p>

    <p class='ocr_par' dir='ltr' id='par_1_3' title="bbox 172 3167 1464 4104">
     <span class='ocr_line' id='line_1_15' title="bbox 219 3167 1464 3259; baseline -0.006 -20"><span class='ocrx_word' id='word_1_125' title='bbox 219 3175 365 3251; x_wconf 86' lang='lat' dir='ltr'><strong>Quatuor</strong></span> <span class='ocrx_word' id='word_1_126' title='bbox 387 3171 514 3259; x_wconf 90' lang='lat' dir='ltr'><strong>quidem</strong></span> <span class='ocrx_word' id='word_1_127' title='bbox 538 3171 772 3236; x_wconf 78' lang='lat' dir='ltr'><strong>dissertationes</strong></span> <span class='ocrx_word' id='word_1_128' title='bbox 789 3170 940 3234; x_wconf 89' lang='lat' dir='ltr'><strong>Parisinis</strong></span> <span class='ocrx_word' id='word_1_129' title='bbox 955 3171 1037 3256; x_wconf 90' lang='lat' dir='ltr'><strong>typis</strong></span> <span class='ocrx_word' id='word_1_130' title='bbox 1051 3169 1178 3233; x_wconf 88' lang='lat' dir='ltr'><strong>fuerunt</strong></span> <span class='ocrx_word' id='word_1_131' title='bbox 1200 3167 1362 3256; x_wconf 79' lang='lat' dir='ltr'><strong>evulgata,</strong></span> <span class='ocrx_word' id='word_1_132' title='bbox 1387 3191 1464 3255; x_wconf 91' lang='lat' dir='ltr'><strong>qua·</strong></span> 
     </span>
     <span class='ocr_line' id='line_1_16' title="bbox 172 3276 1463 3365; baseline -0.005 -19"><span class='ocrx_word' id='word_1_133' title='bbox 172 3305 245 3346; x_wconf 91' lang='lat' dir='ltr'><strong>rum</strong></span> <span class='ocrx_word' id='word_1_134' title='bbox 259 3282 381 3365; x_wconf 91' lang='lat' dir='ltr'><strong>priora</strong></span> <span class='ocrx_word' id='word_1_135' title='bbox 398 3281 492 3344; x_wconf 85' lang='lat' dir='ltr'><strong>Patre</strong></span> <span class='ocrx_word' id='word_1_136' title='bbox 510 3278 678 3342; x_wconf 88' lang='lat' dir='ltr'><strong>Cavailieri</strong></span> <span class='ocrx_word' id='word_1_137' title='bbox 694 3279 714 3342; x_wconf 88' lang='lat' dir='ltr'>J</span> <span class='ocrx_word' id='word_1_138' title='bbox 717 3278 827 3355; x_wconf 80' lang='lat' dir='ltr'><strong>esuitsi,</strong></span> <span class='ocrx_word' id='word_1_139' title='bbox 847 3277 984 3342; x_wconf 89' lang='lat' dir='ltr'><strong>secunda</strong></span> <span class='ocrx_word' id='word_1_140' title='bbox 999 3301 1018 3340; x_wconf 91' lang='lat' dir='ltr'><strong>a</strong></span> <span class='ocrx_word' id='word_1_141' title='bbox 1032 3276 1169 3342; x_wconf 83' lang='lat' dir='ltr'><strong>Daniele</strong></span> <span class='ocrx_word' id='word_1_142' title='bbox 1186 3277 1378 3354; x_wconf 90' lang='lat' dir='ltr'><strong>Bernoullio,</strong></span> <span class='ocrx_word' id='word_1_143' title='bbox 1401 3291 1463 3340; x_wconf 90' lang='lat' dir='ltr'><strong>ter-</strong></span> 
     </span>
     <span class='ocr_line' id='line_1_17' title="bbox 172 3386 1463 3472; baseline -0.004 -17"><span class='ocrx_word' id='word_1_144' title='bbox 172 3393 218 3455; x_wconf 89' lang='lat' dir='ltr'><strong>tia</strong></span> <span class='ocrx_word' id='word_1_145' title='bbox 227 3415 246 3453; x_wconf 92' lang='lat' dir='ltr'><strong>a</strong></span> <span class='ocrx_word' id='word_1_146' title='bbox 258 3391 300 3452; x_wconf 93' lang='lat' dir='ltr'><strong>D.</strong></span> <span class='ocrx_word' id='word_1_147' title='bbox 315 3391 358 3454; x_wconf 90' lang='lat' dir='ltr'><strong>D.</strong></span> <span class='ocrx_word' id='word_1_148' title='bbox 372 3388 617 3463; x_wconf 79' lang='lat' dir='ltr'><strong>Mac-Lentino,</strong></span> <span class='ocrx_word' id='word_1_149' title='bbox 631 3399 742 3472; x_wconf 90' lang='lat' dir='ltr'><strong>quarta</strong></span> <span class='ocrx_word' id='word_1_150' title='bbox 753 3413 772 3450; x_wconf 88' lang='lat' dir='ltr'><strong>a</strong></span> <span class='ocrx_word' id='word_1_151' title='bbox 785 3387 954 3453; x_wconf 89' lang='lat' dir='ltr'><strong>Leonardo</strong></span> <span class='ocrx_word' id='word_1_152' title='bbox 978 3387 1097 3451; x_wconf 90' lang='lat' dir='ltr'><strong>Eulero</strong></span> <span class='ocrx_word' id='word_1_153' title='bbox 1111 3387 1198 3451; x_wconf 70' lang='lat' dir='ltr'><strong>fuere</strong></span> <span class='ocrx_word' id='word_1_154' title='bbox 1210 3387 1250 3450; x_wconf 90' lang='lat' dir='ltr'><strong>ad</strong></span> <span class='ocrx_word' id='word_1_155' title='bbox 1260 3386 1463 3454; x_wconf 86' lang='lat' dir='ltr'><strong>Academiam</strong></span> 
     </span>
     <span class='ocr_line' id='line_1_18' title="bbox 173 3497 1463 3582; baseline -0.002 -20"><span class='ocrx_word' id='word_1_156' title='bbox 173 3500 290 3566; x_wconf 88' lang='lat' dir='ltr'><strong>missae.</strong></span> <span class='ocrx_word' id='word_1_157' title='bbox 339 3497 432 3562; x_wconf 89' lang='lat' dir='ltr'><strong>Prior</strong></span> <span class='ocrx_word' id='word_1_158' title='bbox 453 3497 487 3559; x_wconf 91' lang='lat' dir='ltr'><strong>in</strong></span> <span class='ocrx_word' id='word_1_159' title='bbox 509 3519 549 3560; x_wconf 88' lang='lat' dir='ltr'><strong>eo</strong></span> <span class='ocrx_word' id='word_1_160' title='bbox 570 3510 742 3580; x_wconf 91' lang='lat' dir='ltr'><strong>occupatur</strong></span> <span class='ocrx_word' id='word_1_161' title='bbox 758 3511 793 3560; x_wconf 92' lang='lat' dir='ltr'><strong>ut</strong></span> <span class='ocrx_word' id='word_1_162' title='bbox 810 3497 1003 3562; x_wconf 85' lang='lat' dir='ltr'><strong>Cartesianae</strong></span> <span class='ocrx_word' id='word_1_163' title='bbox 1017 3497 1227 3582; x_wconf 85' lang='lat' dir='ltr'><strong>hypotheseos</strong></span> <span class='ocrx_word' id='word_1_164' title='bbox 1242 3499 1323 3562; x_wconf 91' lang='lat' dir='ltr'><strong>circa</strong></span> <span class='ocrx_word' id='word_1_165' title='bbox 1338 3519 1463 3562; x_wconf 89' lang='lat' dir='ltr'><strong>causam</strong></span> 
     </span>
     <span class='ocr_line' id='line_1_19' title="bbox 174 3601 1463 3690; baseline -0.001 -21"><span class='ocrx_word' id='word_1_166' title='bbox 174 3604 271 3670; x_wconf 76' lang='lat' dir='ltr'><strong>oestirs</strong></span> <span class='ocrx_word' id='word_1_167' title='bbox 292 3604 406 3668; x_wconf 88' lang='lat' dir='ltr'><strong>marini</strong></span> <span class='ocrx_word' id='word_1_168' title='bbox 427 3602 503 3666; x_wconf 88' lang='lat' dir='ltr'><strong>vitia</strong></span> <span class='ocrx_word' id='word_1_169' title='bbox 517 3614 550 3665; x_wconf 92' lang='lat' dir='ltr'><strong>et</strong></span> <span class='ocrx_word' id='word_1_170' title='bbox 563 3601 668 3666; x_wconf 89' lang='lat' dir='ltr'><strong>hiatus</strong></span> <span class='ocrx_word' id='word_1_171' title='bbox 683 3603 821 3690; x_wconf 84' lang='lat' dir='ltr'><strong>corrigat</strong></span> <span class='ocrx_word' id='word_1_172' title='bbox 834 3615 867 3670; x_wconf 84' lang='lat' dir='ltr'><strong>et</strong></span> <span class='ocrx_word' id='word_1_173' title='bbox 881 3603 1038 3681; x_wconf 90' lang='lat' dir='ltr'><strong>resarciat,</strong></span> <span class='ocrx_word' id='word_1_174' title='bbox 1062 3605 1148 3690; x_wconf 92' lang='lat' dir='ltr'><strong>quod</strong></span> <span class='ocrx_word' id='word_1_175' title='bbox 1163 3605 1288 3690; x_wconf 91' lang='lat' dir='ltr'><strong>quidem</strong></span> <span class='ocrx_word' id='word_1_176' title='bbox 1304 3603 1463 3690; x_wconf 70' lang='lat' dir='ltr'><strong>ingeniose</strong></span> 
     </span>
     <span class='ocr_line' id='line_1_20' title="bbox 175 3712 1463 3802; baseline -0.002 -24"><span class='ocrx_word' id='word_1_177' title='bbox 175 3713 349 3778; x_wconf 88' lang='lat' dir='ltr'><strong>admodum</strong></span> <span class='ocrx_word' id='word_1_178' title='bbox 370 3724 502 3796; x_wconf 77' lang='lat' dir='ltr'><strong>praestat</strong></span> <span class='ocrx_word' id='word_1_179' title='bbox 508 3735 518 3788; x_wconf 83' lang='lat'>3</span> <span class='ocrx_word' id='word_1_180' title='bbox 542 3724 605 3775; x_wconf 88' lang='lat' dir='ltr'><strong>tres</strong></span> <span class='ocrx_word' id='word_1_181' title='bbox 627 3712 758 3797; x_wconf 76' lang='lat' dir='ltr'><strong>reliquae</strong></span> <span class='ocrx_word' id='word_1_182' title='bbox 775 3713 952 3799; x_wconf 86' lang='lat' dir='ltr'><strong>exlegibus</strong></span> <span class='ocrx_word' id='word_1_183' title='bbox 967 3715 1126 3800; x_wconf 82' lang='lat' dir='ltr'><strong>gravitatis</strong></span> <span class='ocrx_word' id='word_1_184' title='bbox 1142 3735 1291 3802; x_wconf 85' lang='lat' dir='ltr'><strong>aquarum</strong></span> <span class='ocrx_word' id='word_1_185' title='bbox 1309 3715 1408 3779; x_wconf 89' lang='lat' dir='ltr'><strong>Maris</strong></span> <span class='ocrx_word' id='word_1_186' title='bbox 1430 3714 1463 3776; x_wconf 96' lang='lat' dir='ltr'><strong>in</strong></span> 
     </span>
     <span class='ocr_line' id='line_1_21' title="bbox 177 3820 1463 3910; baseline 0 -23"><span class='ocrx_word' id='word_1_187' title='bbox 177 3823 295 3900; x_wconf 88' lang='lat' dir='ltr'><strong>Solem,</strong></span> <span class='ocrx_word' id='word_1_188' title='bbox 319 3821 445 3884; x_wconf 92' lang='lat' dir='ltr'><strong>Lunam</strong></span> <span class='ocrx_word' id='word_1_189' title='bbox 465 3833 497 3884; x_wconf 88' lang='lat' dir='ltr'><strong>et</strong></span> <span class='ocrx_word' id='word_1_190' title='bbox 523 3820 668 3898; x_wconf 90' lang='lat' dir='ltr'><strong>Terram,</strong></span> <span class='ocrx_word' id='word_1_191' title='bbox 692 3843 800 3884; x_wconf 86' lang='lat' dir='ltr'><strong>omnes</strong></span> <span class='ocrx_word' id='word_1_192' title='bbox 821 3821 1023 3907; x_wconf 82' lang='lat' dir='ltr'><strong>phaenomeni</strong></span> <span class='ocrx_word' id='word_1_193' title='bbox 1044 3825 1196 3910; x_wconf 88' lang='lat' dir='ltr'><strong>propositi</strong></span> <span class='ocrx_word' id='word_1_194' title='bbox 1218 3825 1463 3888; x_wconf 88' lang='lat' dir='ltr'><strong>circumstantias</strong></span> 
     </span>
     <span class='ocr_line' id='line_1_22' title="bbox 176 3929 1464 4021; baseline 0.004 -26"><span class='ocrx_word' id='word_1_195' title='bbox 176 3932 335 4017; x_wconf 84' lang='lat' dir='ltr'><strong>explicant</strong></span> <span class='ocrx_word' id='word_1_196' title='bbox 350 3943 381 3994; x_wconf 90' lang='lat' dir='ltr'><strong>et</strong></span> <span class='ocrx_word' id='word_1_197' title='bbox 396 3931 523 3995; x_wconf 90' lang='lat' dir='ltr'><strong>calculis</strong></span> <span class='ocrx_word' id='word_1_198' title='bbox 539 3929 766 4001; x_wconf 87' lang='lat' dir='ltr'><strong>determinant:</strong></span> <span class='ocrx_word' id='word_1_199' title='bbox 788 3932 846 3998; x_wconf 88' lang='lat' dir='ltr'><strong>has</strong></span> <span class='ocrx_word' id='word_1_200' title='bbox 862 3955 938 4021; x_wconf 86' lang='lat' dir='ltr'><strong>ergo</strong></span> <span class='ocrx_word' id='word_1_201' title='bbox 950 3947 1023 4013; x_wconf 83' lang='lat' dir='ltr'><strong>tres,</strong></span> <span class='ocrx_word' id='word_1_202' title='bbox 1036 3935 1149 4000; x_wconf 78' lang='lat' dir='ltr'><strong>omissi</strong></span> <span class='ocrx_word' id='word_1_203' title='bbox 1160 3937 1275 4020; x_wconf 89' lang='lat' dir='ltr'><strong>priore,</strong></span> <span class='ocrx_word' id='word_1_204' title='bbox 1291 3935 1384 4021; x_wconf 90' lang='lat' dir='ltr'><strong>hujus</strong></span> <span class='ocrx_word' id='word_1_205' title='bbox 1396 3957 1464 4000; x_wconf 86' lang='lat' dir='ltr'><strong>esse</strong></span> 
     </span>
     <span class='ocr_line' id='line_1_23' title="bbox 174 4037 1227 4104; baseline -0.015 0"><span class='ocrx_word' id='word_1_206' title='bbox 174 4040 238 4104; x_wconf 91' lang='lat' dir='ltr'><strong>loci</strong></span> <span class='ocrx_word' id='word_1_207' title='bbox 253 4037 452 4102; x_wconf 88' lang='lat' dir='ltr'><strong>credidimus.</strong></span> <span class='ocrx_word' id='word_1_208' title='bbox 1223 4091 1227 4098; x_wconf 75' lang='grc'>,</span> 
     </span>
    </p>

    <p class='ocr_par' dir='ltr' id='par_1_4' title="bbox 176 4143 1470 4668">
     <span class='ocr_line' id='line_1_24' title="bbox 221 4143 1465 4235; baseline 0.002 -23"><span class='ocrx_word' id='word_1_209' title='bbox 221 4146 262 4212; x_wconf 91' lang='lat' dir='ltr'><strong>In</strong></span> <span class='ocrx_word' id='word_1_210' title='bbox 284 4145 502 4209; x_wconf 85' lang='lat' dir='ltr'><strong>dissertatione</strong></span> <span class='ocrx_word' id='word_1_211' title='bbox 526 4143 751 4210; x_wconf 89' lang='lat' dir='ltr'><strong>Mac-Laurini</strong></span> <span class='ocrx_word' id='word_1_212' title='bbox 773 4149 909 4212; x_wconf 88' lang='lat' dir='ltr'><strong>occurrit</strong></span> <span class='ocrx_word' id='word_1_213' title='bbox 928 4149 1041 4213; x_wconf 88' lang='lat' dir='ltr'><strong>solutio</strong></span> <span class='ocrx_word' id='word_1_214' title='bbox 1065 4149 1238 4235; x_wconf 87' lang='lat' dir='ltr'><strong>synthetica</strong></span> <span class='ocrx_word' id='word_1_215' title='bbox 1260 4151 1465 4215; x_wconf 89' lang='lat' dir='ltr'><strong>Problematis</strong></span> 
     </span>
     <span class='ocr_line' id='line_1_25' title="bbox 176 4255 1467 4345; baseline 0.003 -25"><span class='ocrx_word' id='word_1_216' title='bbox 176 4256 218 4320; x_wconf 92' lang='lat' dir='ltr'><strong>de</strong></span> <span class='ocrx_word' id='word_1_217' title='bbox 236 4255 339 4343; x_wconf 68' lang='lat' dir='ltr'><strong>figura</strong></span> <span class='ocrx_word' id='word_1_218' title='bbox 362 4255 485 4331; x_wconf 79' lang='lat' dir='ltr'><strong>Terrae,</strong></span> <span class='ocrx_word' id='word_1_219' title='bbox 509 4256 601 4340; x_wconf 89' lang='lat' dir='ltr'><strong>quale</strong></span> <span class='ocrx_word' id='word_1_220' title='bbox 622 4255 702 4319; x_wconf 91' lang='lat' dir='ltr'><strong>illud</strong></span> <span class='ocrx_word' id='word_1_221' title='bbox 720 4277 985 4342; x_wconf 89' lang='lat' dir='ltr'><strong>proposueramus</strong></span> <span class='ocrx_word' id='word_1_222' title='bbox 1007 4259 1041 4321; x_wconf 93' lang='lat' dir='ltr'><strong>in</strong></span> <span class='ocrx_word' id='word_1_223' title='bbox 1063 4258 1144 4322; x_wconf 90' lang='lat' dir='ltr'><strong>notis</strong></span> <span class='ocrx_word' id='word_1_224' title='bbox 1168 4259 1283 4323; x_wconf 89' lang='lat' dir='ltr'><strong>nostris</strong></span> <span class='ocrx_word' id='word_1_225' title='bbox 1306 4260 1346 4325; x_wconf 90' lang='lat' dir='ltr'><strong>ad</strong></span> <span class='ocrx_word' id='word_1_226' title='bbox 1371 4261 1467 4345; x_wconf 89' lang='lat' dir='ltr'><strong>Prop.</strong></span> 
     </span>
     <span class='ocr_line' id='line_1_26' title="bbox 177 4361 1468 4452; baseline 0.002 -24"><span class='ocrx_word' id='word_1_227' title='bbox 177 4363 281 4428; x_wconf 90' lang='lat' dir='ltr'><strong>XIX.</strong></span> <span class='ocrx_word' id='word_1_228' title='bbox 297 4362 445 4449; x_wconf 90' lang='lat' dir='ltr'><strong>quodque</strong></span> <span class='ocrx_word' id='word_1_229' title='bbox 458 4384 573 4446; x_wconf 89' lang='lat' dir='ltr'><strong>pamm</strong></span> <span class='ocrx_word' id='word_1_230' title='bbox 587 4361 671 4426; x_wconf 83' lang='lat' dir='ltr'><strong>felici</strong></span> <span class='ocrx_word' id='word_1_231' title='bbox 689 4386 834 4428; x_wconf 88' lang='lat' dir='ltr'><strong>successu</strong></span> <span class='ocrx_word' id='word_1_232' title='bbox 850 4365 1002 4452; x_wconf 72' lang='lat' dir='ltr'><strong>analytice</strong></span> <span class='ocrx_word' id='word_1_233' title='bbox 1018 4366 1138 4430; x_wconf 90' lang='lat' dir='ltr'><strong>solvere</strong></span> <span class='ocrx_word' id='word_1_234' title='bbox 1156 4378 1403 4444; x_wconf 81' lang='lat' dir='ltr'><strong>tentaveramus3</strong></span> <span class='ocrx_word' id='word_1_235' title='bbox 1429 4389 1468 4430; x_wconf 85' lang='lat' dir='ltr'><strong>ex</strong></span> 
     </span>
     <span class='ocr_line' id='line_1_27' title="bbox 178 4471 1470 4563; baseline 0.004 -28"><span class='ocrx_word' id='word_1_236' title='bbox 178 4473 247 4555; x_wconf 88' lang='lat' dir='ltr'><strong>ejus</strong></span> <span class='ocrx_word' id='word_1_237' title='bbox 270 4471 425 4536; x_wconf 87' lang='lat' dir='ltr'><strong>solutione</strong></span> <span class='ocrx_word' id='word_1_238' title='bbox 447 4483 535 4555; x_wconf 88' lang='lat' dir='ltr'><strong>patet</strong></span> <span class='ocrx_word' id='word_1_239' title='bbox 556 4472 766 4536; x_wconf 91' lang='lat' dir='ltr'><strong>meridianum</strong></span> <span class='ocrx_word' id='word_1_240' title='bbox 789 4497 858 4537; x_wconf 90' lang='lat' dir='ltr'><strong>esse</strong></span> <span class='ocrx_word' id='word_1_241' title='bbox 881 4497 987 4538; x_wconf 88' lang='lat' dir='ltr'><strong>veram</strong></span> <span class='ocrx_word' id='word_1_242' title='bbox 1007 4475 1140 4559; x_wconf 90' lang='lat' dir='ltr'><strong>ellipsim</strong></span> <span class='ocrx_word' id='word_1_243' title='bbox 1155 4478 1188 4540; x_wconf 93' lang='lat' dir='ltr'><strong>in</strong></span> <span class='ocrx_word' id='word_1_244' title='bbox 1202 4476 1369 4563; x_wconf 85' lang='lat' dir='ltr'><strong>hypothesi</strong></span> <span class='ocrx_word' id='word_1_245' title='bbox 1384 4477 1470 4563; x_wconf 84' lang='lat' dir='ltr'><strong>quhd</strong></span> 
     </span>
     <span class='ocr_line' id='line_1_28' title="bbox 180 4579 1469 4668; baseline -0.001 -22"><span class='ocrx_word' id='word_1_246' title='bbox 180 4581 284 4646; x_wconf 87' lang='lat' dir='ltr'><strong>Terra</strong></span> <span class='ocrx_word' id='word_1_247' title='bbox 299 4581 340 4644; x_wconf 90' lang='lat' dir='ltr'><strong>sit</strong></span> <span class='ocrx_word' id='word_1_248' title='bbox 353 4580 569 4668; x_wconf 85' lang='lat' dir='ltr'><strong>homogenea:</strong></span> <span class='ocrx_word' id='word_1_249' title='bbox 597 4579 670 4644; x_wconf 83' lang='lat' dir='ltr'><strong>etim</strong></span> <span class='ocrx_word' id='word_1_250' title='bbox 685 4593 790 4645; x_wconf 87' lang='lat' dir='ltr'><strong>autem</strong></span> <span class='ocrx_word' id='word_1_251' title='bbox 805 4581 874 4646; x_wconf 83' lang='lat' dir='ltr'><strong>haec</strong></span> <span class='ocrx_word' id='word_1_252' title='bbox 888 4583 921 4645; x_wconf 93' lang='lat' dir='ltr'><strong>in</strong></span> <span class='ocrx_word' id='word_1_253' title='bbox 936 4605 1047 4648; x_wconf 92' lang='lat' dir='ltr'><strong>manus</strong></span> <span class='ocrx_word' id='word_1_254' title='bbox 1062 4597 1185 4650; x_wconf 91' lang='lat' dir='ltr'><strong>nostras</strong></span> <span class='ocrx_word' id='word_1_255' title='bbox 1200 4606 1264 4649; x_wconf 91' lang='lat' dir='ltr'><strong>non</strong></span> <span class='ocrx_word' id='word_1_256' title='bbox 1279 4585 1469 4660; x_wconf 89' lang='lat' dir='ltr'><strong>devenerint,</strong></span> 
     </span>
    </p>
   </div>
   <div class='ocr_carea' id='block_1_3' title="bbox 179 4683 1472 4845">
    <p class='ocr_par' dir='ltr' id='par_1_5' title="bbox 179 4683 1472 4845">
     <span class='ocr_line' id='line_1_29' title="bbox 179 4683 1472 4776; baseline 0.002 -26"><span class='ocrx_word' id='word_1_257' title='bbox 179 4687 244 4750; x_wconf 89' lang='lat' dir='ltr'><strong>nisi</strong></span> <span class='ocrx_word' id='word_1_258' title='bbox 258 4683 333 4751; x_wconf 84' lang='lat' dir='ltr'><strong>crim</strong></span> <span class='ocrx_word' id='word_1_259' title='bbox 347 4698 432 4751; x_wconf 81' lang='lat' dir='ltr'><strong>notoe</strong></span> <span class='ocrx_word' id='word_1_260' title='bbox 447 4687 488 4750; x_wconf 89' lang='lat' dir='ltr'><strong>ad</strong></span> <span class='ocrx_word' id='word_1_261' title='bbox 503 4709 574 4752; x_wconf 87' lang='lat' dir='ltr'><strong>eam</strong></span> <span class='ocrx_word' id='word_1_262' title='bbox 590 4685 842 4774; x_wconf 85' lang='lat' dir='ltr'><strong>Propositionem</strong></span> <span class='ocrx_word' id='word_1_263' title='bbox 858 4689 958 4754; x_wconf 88' lang='lat' dir='ltr'><strong>XIX.</strong></span> <span class='ocrx_word' id='word_1_264' title='bbox 973 4691 1107 4776; x_wconf 79' lang='lat' dir='ltr'><strong>praelum</strong></span> <span class='ocrx_word' id='word_1_265' title='bbox 1123 4692 1298 4770; x_wconf 88' lang='lat' dir='ltr'><strong>subiissent,</strong></span> <span class='ocrx_word' id='word_1_266' title='bbox 1321 4691 1393 4753; x_wconf 83' lang='lat' dir='ltr'><strong>inde</strong></span> <span class='ocrx_word' id='word_1_267' title='bbox 1408 4687 1472 4752; x_wconf 86' lang='lat' dir='ltr'><strong>fac-</strong></span> 
     </span>
     <span class='ocr_line' id='line_1_30' title="bbox 803 4797 851 4845; baseline 0 0"><span class='ocrx_word' id='word_1_268' title='bbox 803 4797 816 4845; x_wconf 91' lang='lat'>1</span> <span class='ocrx_word' id='word_1_269' title='bbox 834 4803 851 4845; x_wconf 78' lang='lat'>4</span> 
     </span>
    </p>
   </div>
   <div class='ocr_carea' id='block_1_4' title="bbox 0 0 1724 5459">
    <p class='ocr_par' dir='ltr' id='par_1_6' title="bbox 0 0 1724 5459">
     <span class='ocr_line' id='line_1_31' title="bbox 0 0 1724 5459; baseline 0 0"><span class='ocrx_word' id='word_1_270' title='bbox 0 0 1724 5459; x_wconf 95' lang='lat' dir='ltr'><strong> </strong></span> 
     </span>
    </p>
   </div>
  </div>
 </body>
</html>
