3384 5459
362 2999 375 3014 ἱ
476 2925 623 2988 mile
679 2924 799 3008 ipsi
860 2924 917 2987 B
950 2925 1011 2988 A
1038 2925 1085 2989 b
1114 2947 1153 2988 a
1198 2936 1261 2989 et
1312 2924 1591 2989 similiter
1635 2924 1908 3008 positum

495 417 621 477 220
1089 406 1218 471 DE
1266 405 1568 472 CAUSA
1617 405 2025 503 PHYSICA
2075 406 2454 476 FLUXUS

488 592 666 650 motu
708 578 993 662 ellipseos
1040 576 1206 641 circa
1247 577 1611 640 alterutrum
1642 599 1845 655 axem,
1879 579 2122 663 sintque
2170 579 2227 642 Β
2257 592 2320 643 et
2359 580 2426 643 D
2469 581 2790 664 particulas
2819 583 3063 667 quaevis

488 687 555 749 in
586 685 804 749 eodem
835 684 1323 749 semi-diametro
1354 686 1508 761 sitae‚
1553 685 1919 770 gravitatem
1949 688 2271 771 particulae
2303 687 2361 752 B
2392 688 2606 753 versus
2635 688 3059 774 sphaeroidem

488 795 621 859 sore
650 795 730 858 ad
756 796 1121 881 gravitatem
1162 793 1486 879 particuloe
1516 794 1585 859 D
1615 808 1685 858 ut
1712 794 2008 859 distantia
2039 796 2095 859 C
2129 797 2186 861 B
2215 796 2298 860 ad
2325 796 2680 863 distantiam
2712 796 2770 863 C
2799 799 2892 877 D,
2937 822 3059 884 per

492 903 905 972 corollarium
934 904 1311 989 praecedens.

1422 1056 1773 1122 LEMMA
1819 1057 1935 1121 IV.

572 1206 669 1269 Sit
700 1205 761 1268 A
782 1205 839 1269 B
858 1227 895 1268 a
914 1205 959 1268 b
990 1204 1287 1289 sphaerois
1314 1206 1525 1294 genita
1551 1217 1727 1270 motu
1757 1206 2226 1291 semi-ellipseos
2261 1210 2322 1271 A
2344 1209 2401 1272 B
2431 1233 2468 1271 a
2497 1206 2662 1274 circa
2688 1231 2871 1274 axem
2903 1209 2965 1271 A
2988 1231 3048 1284 a,

488 1313 543 1378 P
584 1315 889 1399 particula
928 1316 1161 1400 quaevis
1210 1316 1276 1378 in
1318 1315 1645 1400 superficie
1695 1314 1898 1394 solidi,
1961 1317 2041 1380 sit
2101 1317 2156 1382 P
2188 1316 2253 1381 K
2297 1318 2433 1381 axis
2483 1318 2778 1382 normalis
2828 1318 2894 1380 in
2944 1317 3050 1393 K;

482 1432 546 1483 et
576 1419 632 1484 P
661 1419 730 1484 D
762 1421 866 1484 axi
909 1419 1205 1505 parallela
1232 1433 1517 1485 occurrat
1544 1421 1734 1504 plano
1781 1421 1838 1484 B
1867 1421 1910 1484 b

483 1525 680 1610 (quod
736 1524 843 1589 axi
901 1526 1271 1610 supponitur
1325 1525 1636 1604 normale)
1693 1525 1759 1587 in
1818 1526 1907 1589 D.

484 1626 854 1691 Resolvatur
898 1627 989 1691 vis
1035 1628 1157 1713 qua
1203 1629 1506 1712 particula
1548 1629 1603 1693 P
1640 1632 1908 1717 gravitat

478 1732 691 1802 versus
720 1733 1134 1820 sphaeroidem
1163 1735 1228 1799 in
1251 1733 1407 1798 duas
1436 1736 1616 1813 vires,
1647 1737 1905 1801 alteram

479 1845 584 1908 axi
626 1845 1003 1933 parallelam,
1049 1845 1307 1910 alteram
1336 1846 1536 1910 eidem
1571 1848 1905 1933 perpendi-

478 1952 773 2031 cularem,
828 1954 1065 2040 eritque
1121 1952 1296 2036 prior
1351 1954 1606 2038 aequalis
1664 1956 1725 2018 vi
1781 1955 1905 2042 qua

474 2062 781 2145 particula
812 2061 876 2125 K
904 2061 970 2124 in
999 2061 1102 2125 axi
1141 2060 1257 2124 sita
1287 2059 1484 2123 tendit
1512 2060 1595 2125 ad
1621 2075 1906 2127 centrum

478 2167 680 2243 solidi,
728 2167 1033 2250 posterior
1083 2177 1290 2230 autem
1348 2166 1602 2251 oequalis
1659 2168 1723 2231 vi
1780 2168 1901 2256 qua

475 2276 779 2361 particula
834 2277 903 2341 D
962 2287 1219 2363 urgetur
1273 2271 1485 2339 versus
1540 2274 1710 2338 idem
1760 2298 1904 2341 cen-

476 2400 663 2453 trum.

536 2494 959 2560 ‘Producamr
1004 2495 1061 2560 P
1094 2493 1159 2559 K
1202 2493 1404 2559 donec
1442 2494 1657 2566 rursus
1685 2514 1905 2559 occur-

477 2615 576 2668 rat
603 2603 800 2689 ellipsi
830 2600 1200 2690 generatrici
1226 2601 1293 2664 in
1327 2600 1421 2678 H,
1462 2598 1726 2667 ducatur
1758 2599 1833 2664 H
1862 2598 1907 2662 d

476 2711 773 2794 parallela
806 2709 911 2774 axi
956 2710 1020 2775 A
1048 2732 1087 2773 a
1128 2729 1271 2796 quae
1298 2720 1585 2773 occurrat
1626 2708 1731 2776 axi
1778 2708 1835 2772 B
1862 2708 1907 2771 b

475 2818 543 2880 in
585 2817 651 2893 d,
696 2817 1115 2900 concipiamus
1159 2816 1427 2882 solidum
1470 2818 1539 2882 D
1567 2839 1611 2880 n
1641 2817 1685 2881 d
1719 2817 1783 2879 N
1823 2817 1906 2881 si-

477 3030 746 3094 describi
786 3051 973 3112 super
1001 3051 1183 3093 axem
1220 3030 1290 3095 D
1319 3030 1382 3092 d„
1473 3030 1731 3096 Horum
1758 3029 1904 3095 soli-

482 3139 709 3203 dorum
740 3139 1044 3202 sectiones
1073 3138 1155 3202 ab
1184 3138 1406 3205 eodem
1449 3139 1642 3223 plano
1685 3152 1942 3204 resectae
1972 3152 2155 3205 erunt
2185 3160 2428 3225 semper
2455 3141 2702 3226 ellipses
2731 3141 2960 3206 similes
2985 3154 3050 3206 et

480 3246 763 3310 similiter
791 3246 1033 3330 positae,
1081 3246 1171 3311 uti
1200 3258 1424 3314 notum
1455 3262 1549 3312 est
1576 3259 1640 3310 et
1666 3246 1845 3312 facile
1874 3247 2238 3311 ostenditur.
2331 3247 2471 3311 Sint
2498 3248 2691 3334 igitur
2736 3248 2792 3312 Β
2824 3250 2885 3312 A
2915 3249 2960 3312 b
2987 3271 3047 3324 a,

481 3352 550 3417 D
577 3374 622 3415 n
651 3352 696 3416 d
729 3352 792 3422 N
834 3352 1201 3438 hujusmodi
1229 3351 1453 3439 figurae
1485 3376 1523 3415 a
1564 3352 1756 3438 plano
1801 3353 1855 3416 P
1875 3356 1938 3419 A
1964 3355 2009 3418 b
2040 3355 2071 3418 Ι
2105 3355 2162 3419 Β
2197 3355 2271 3431 P,
2320 3355 2488 3440 quod
2519 3377 2762 3439 semper
2792 3356 3049 3421 transire

476 3472 748 3544 ponatur
775 3482 889 3545 per
918 3459 1127 3524 datam
1155 3471 1388 3523 rectam
1422 3459 1477 3524 P
1495 3460 1562 3524 D
1583 3461 1616 3524 1
1646 3474 1902 3525 resectae
1932 3484 2012 3525 ex
2043 3461 2342 3524 similibus
2369 3460 2541 3523 hisce
2570 3461 2801 3525 solidis.
2878 3462 3048 3525 Con-

479 3569 674 3631 tineat
700 3565 960 3650 planum
1006 3566 1060 3629 P
1082 3587 1116 3628 z
1142 3566 1194 3658 Z
1220 3565 1251 3628 Ι
1275 3565 1341 3629 T
1382 3586 1527 3629 cum
1554 3566 1746 3651 plano
1773 3567 1971 3650 priori
1998 3566 2297 3652 angulum
2328 3564 2834 3651 quamminimum
2866 3581 2927 3631 et
2953 3568 3049 3631 fa-

479 3677 603 3741 ciat
632 3677 936 3740 sectiones
966 3674 1198 3738 similes
1245 3675 1300 3737 P
1318 3697 1352 3737 z
1374 3676 1426 3739 Z
1450 3675 1485 3738 I
1507 3675 1589 3753 T,
1634 3675 1705 3740 D
1726 3698 1759 3740 r
1785 3675 1844 3738 R
1865 3675 1932 3739 D
1963 3686 2028 3739 et
2056 3675 2334 3739 similiter
2361 3674 2593 3760 positas
2623 3676 2690 3737 in
2716 3674 3051 3759 praedicto-

447 3765 622 3848 ¹‘rum
666 3781 1011 3848 solidorum
1056 3780 1520 3864 superficiebus·
1613 3781 1815 3845 Hisce
1855 3782 2092 3865 positis,
2136 3781 2439 3865 imprimis
2482 3780 2877 3845 ostendemus
2923 3784 3052 3845 vim

484 3891 610 3978 qua
652 3889 957 3976 particula
1007 3889 1061 3952 P
1103 3900 1364 3975 urgetur
1405 3887 1619 3953 versus
1664 3887 1791 3953 duo
1822 3888 2017 3954 frusta
2045 3911 2185 3974 quae
2213 3888 2415 3973 planis
2464 3888 2519 3953 P
2546 3888 2591 3951 b
2622 3889 2676 3967 Ι,
2733 3889 2790 3952 P
2824 3889 2876 3953 Z
2907 3888 2941 3953 Ι
2990 3900 3054 3952 et

479 3998 685 4082 planis
719 3997 773 4060 P
795 3997 852 4061 B
879 3996 934 4073 Ι,
971 3996 1025 4059 P
1050 3995 1112 4059 T
1135 3996 1168 4059 1
1202 3994 1617 4072 continentur,
1651 3996 1705 4058 si
1732 3995 2064 4060 reducatur
2093 3994 2174 4059 ad
2204 3994 2608 4059 directionem
2638 3995 2696 4058 P
2722 3994 2808 4073 K,
2841 4016 3050 4082 aequa-

477 4106 607 4180 lem
647 4105 781 4170 fore
824 4107 885 4169 vi
930 4104 1053 4192 qua
1096 4105 1403 4190 particula
1447 4105 1514 4169 D
1559 4095 1819 4192 urgetur
1859 4104 2072 4172 versus
2113 4105 2380 4171 frustum
2420 4106 2623 4191 planis
2667 4106 2737 4171 D
2765 4128 2812 4169 n
2850 4105 2917 4170 N
2959 4107 3046 4184 D,

483 4215 552 4281 D
576 4238 611 4279 ι·
633 4216 697 4281 R
724 4216 793 4280 D
824 4216 1239 4279 terminatum.

574 4323 715 4389 Sint
745 4326 915 4389 enim
955 4325 1023 4390 N
1050 4348 1115 4403 n,
1164 4325 1249 4389 N'
1270 4325 1334 4388 n'
1371 4325 1514 4389 duae
1543 4325 1848 4389 ordinatae
1876 4348 1958 4390 ex
1985 4327 2263 4390 interiori
2295 4326 2494 4411 ellipsi
2523 4326 2603 4391 ad
2644 4348 2828 4391 axem
2870 4328 2940 4393 D
2969 4327 3048 4402 d;

481 4432 612 4497 sint
641 4433 718 4517 (⁸)
757 4433 811 4496 P
843 4432 942 4509 M,
992 4433 1047 4544 P
1075 4455 1160 4509 m,
1208 4431 1263 4495 P
1283 4432 1383 4497 Μ’
1426 4444 1489 4496 et
1533 4433 1588 4498 P
1615 4438 1703 4497 m'
1745 4432 2082 4519 respective
2110 4436 2424 4519 paralleloe
2452 4437 2644 4501 rectis
2676 4438 2743 4501 D
2776 4438 2861 4516 N,
2894 4438 2962 4503 D
2982 4459 3046 4514 n,

550 4603 621 4669 (¹¹)
660 4603 723 4651 In
760 4603 850 4651 hac
888 4599 1040 4664 figura
1074 4601 1375 4651 describenda
1404 4615 1551 4653 rectas
1585 4604 1635 4651 N
1671 4604 1736 4662 R,
1802 4606 2110 4665 perspectiva,
2146 4607 2228 4655 sed
2259 4607 2317 4656 εἰ
2347 4607 2524 4656 ratione
2557 4606 2652 4671 qua
2689 4606 2911 4656 facillime
2947 4606 3052 4672 dig-

485 4668 549 4716 N'
591 4668 668 4727 R',
710 4668 795 4715 ἃς.
847 4681 945 4717 non
987 4665 1211 4715 duximus
1250 4668 1511 4717 secundum
1554 4669 1741 4732 regulas
1803 4669 1930 4718 nosci
1950 4671 2138 4730 possint.
