3384 5459
156 410 301 491 Car.1.]
532 410 597 476 AD
620 408 842 477 TERTIUM
865 408 1062 475 LIBRUM.
1389 430 1434 473 xv

151 580 325 645 distabunt.
371 579 478 655 Quare
501 581 527 644 si
553 581 650 645 stellae
673 584 747 647 fixae
772 583 943 647 meridiano
967 583 1077 647 vicinae
1100 580 1233 646 altitudo
1253 580 1435 643 observetur

149 686 262 753 vetetis
284 688 446 764 orientem,
462 698 494 750 et
514 686 627 751 <lande
648 687 803 774 quadrans
826 688 909 753 circi
929 689 1016 753 filum
1041 688 1186 754 verticale
1200 689 1363 751 immotum
1377 683 1436 749 ced

149 794 238 861 eirca
264 816 356 858 axem
380 806 577 858 convertatur
601 796 708 859 versds
734 796 927 861 occidentem
953 807 985 859 et
1009 804 1190 880 expectetur
1218 792 1319 857 donec
1347 790 1437 855 stella

150 900 291 965 eandem
313 898 509 964 altitudinem
534 900 658 979 habeat,
683 914 768 967 reeta
790 924 860 988 quae
880 901 1022 967 bilariam
1044 901 1161 966 dividet
1183 900 1332 986 angariam
1355 899 1437 962 inter

150 1008 235 1072 duas
256 1006 437 1095 quadrantis
460 1028 532 1071 cum
552 1006 713 1075 horizonte
738 1009 971 1075 intersectiones
992 1008 1258 1095 comprehensum.
1281 1005 1340 1069 erit
1355 1004 1437 1069 linea

151 1117 341 1181 meridiana.

203 1232 253 1286 13.
277 1220 370 1286 Datis
393 1242 450 1306 per
481 1221 710 1289 observationes
736 1224 857 1290 duabus

150 1330 295 1415 ejusdem
314 1327 410 1393 stellae
431 1348 590 1415 nunquam
604 1331 771 1397 occidentis
786 1332 855 1397 alti-

153 1438 319 1503 tudinibus
337 1434 513 1509 meridianis
536 1437 559 1500 S
582 1436 655 1515 las
678 1438 718 1517 R,
741 1439 855 1503 dantur

152 1546 224 1630 poli
251 1545 279 1611 P
303 1556 335 1608 et
359 1544 522 1629 aequatotis
546 1542 592 1609 AE
617 1544 650 1621 Q
679 1544 855 1613 altitudines

11 1722 13 1731 .
153 1654 189 1721 Ρ
212 1654 244 1717 R
264 1663 297 1715 et
321 1650 366 1715 ΖΕ
383 1652 419 1715 Η
438 1670 532 1733 supra
552 1651 743 1717 horizontem
760 1654 796 1719 H
813 1656 854 1721 R.

154 1760 245 1827 Nam
264 1758 343 1821 datis
364 1757 496 1820 arcubus
520 1758 543 1821 S
570 1758 601 1823 R
622 1772 654 1823 et
675 1782 689 1823 s
713 1760 744 1825 R
765 1761 857 1827 datur
898 1784 932 1845 11

153 1889 268 1959 eorum
290 1865 463 1929 differentia
486 1865 555 1941 Ss3
577 1878 609 1934 et
630 1868 701 1952 quia
722 1869 810 1933 stella
833 1871 857 1935 S

155 1974 311 2039 circulum
336 1972 483 2037 describit
502 1974 652 2059 aeqummi
673 1976 855 2059 parallelum

155 2083 208 2169 (3)
235 2082 322 2165 cujus
347 2080 374 2143 P
395 2091 442 2144 est
462 2079 562 2164 polus,
585 2083 643 2146 erit
663 2082 766 2150 SP=
782 2086 857 2162 sP3

157 2188 247 2253 unns
269 2187 360 2252 aar
388 2184 415 2249 Ρ
439 2210 463 2264 s,
490 2189 539 2251 cut
565 2189 591 2253 si
619 2190 750 2255 andana
775 2216 790 2257 s
815 2195 856 2272 n,
975 2156 1003 2223 Ρ

156 2294 326 2361 hibebitur
340 2314 430 2359 arcus
447 2294 474 2358 P
490 2294 518 2359 R
535 2296 664 2361 altitudo
683 2300 756 2383 poli.
802 2302 861 2367 Est

158 2415 268 2467 autem
281 2400 318 2465 H
334 2400 378 2464 AE
390 2400 516 2486 aequalis
531 2403 616 2465 areni
633 2405 658 2467 Z
675 2404 767 2472 Pseu
778 2406 1009 2494 complemento
1018 2406 1188 2474 altitudinis
1197 2404 1264 2489 poli
1273 2402 1314 2466 ad
1323 2414 1442 2466 recttnn

159 2514 248 2598 (10),
260 2511 354 2576 datur
367 2508 446 2597 ergo
463 2510 499 2573 H
511 2508 555 2575 AE
570 2510 700 2578 altitudo
714 2518 889 2602 aequatoris.

179 2692 184 2703 ι
211 2628 261 2683 14.
284 2616 368 2683 Dati
384 2616 480 2680 stellae
497 2618 520 2682 S
535 2616 696 2685 altitudine
714 2624 884 2687 meridiani
903 2626 926 2689 S
944 2626 1060 2689 Reum
1077 2620 1243 2710 oequuwris
1257 2617 1306 2681 vel
1320 2615 1384 2699 poli
1397 2613 1450 2701 al·¹

159 2725 307 2805 titudine,
323 2725 416 2789 datur
430 2724 511 2791 illius
526 2725 692 2793 declinatio
713 2732 735 2797 S
757 2732 820 2807 AE3
843 2745 893 2796 est
909 2735 995 2797 enim
1009 2754 1099 2797 arcus
1116 2734 1139 2797 S
1154 2729 1199 2793 ΖΕ
1214 2726 1340 2813 aqualis
1355 2722 1443 2787 diffa-

162 2833 276 2900 rentiae
289 2854 416 2897 arcuum
432 2832 476 2895 AE
493 2833 520 2897 Ρ
537 2834 566 2897 R
582 2847 614 2899 et
629 2838 652 2901 S
669 2837 709 2901 R.
759 2838 811 2905 Sic
822 2838 928 2903 obser·
1188 2840 1191 2847 ’

165 2942 273 3007 vando
284 2938 421 3025 quotidie
432 2940 625 3007 altitudinem
637 2944 838 3009 meridianam
853 2968 926 3012 oen-
1022 2962 1061 3025 AE
1071 2923 1390 3249 q

164 3052 208 3117 tri
236 3049 316 3114 Solis
337 3060 370 3112 et
390 3048 464 3112 inde
479 3050 618 3113 eruendo
632 3050 727 3134 ipsius
742 3052 926 3118 declinatio-
1009 3029 1128 3226 p

164 3180 251 3235 nem,
267 3157 506 3222 determinatum
521 3170 569 3223 est
582 3158 710 3243 planum
730 3160 880 3245 eclipticas
895 3172 927 3225 ct
1396 3220 1438 3275 Δ

167 3270 234 3354 ejus
249 3267 290 3331 ad
302 3278 491 3353 aequntorem
504 3264 662 3330 inclinatio
676 3289 728 3331 seu
740 3268 877 3332 maxine
887 3268 928 3331 ab
976 3214 1001 3275 Υ

168 3387 331 3463 aequatore
353 3372 518 3437 declinatio
541 3396 611 3459 quse
631 3374 756 3439 inventa
786 3388 833 3441 est
865 3381 927 3458 28}

173 3484 263 3572 grad.
282 3496 336 3547 aut
355 3481 534 3545 variasset
551 3484 610 3546 29‘.
665 3480 749 3546 Data
764 3494 867 3546 autem
881 3484 930 3547 in·

171 3590 339 3656 clinatione
353 3587 505 3672 eclipticae
519 3586 560 3650 ad
574 3602 762 3673 aequatorem
774 3612 845 3653 cum
856 3592 930 3655 solis

170 3696 386 3772 declinatione,
412 3694 504 3758 datur
525 3696 663 3782 ascensio
683 3710 767 3761 reeta
788 3700 869 3763 Solis
890 3723 928 3763 ac
1043 3714 1065 3797 ο·

169 3802 343 3889 longitudo.
382 3800 429 3864 Sit
443 3801 527 3865 enim
543 3800 570 3865 P
584 3803 674 3885 polus
687 3804 807 3881 mundi,
823 3817 855 3864 ‘t‘
873 3805 917 3871 AE
931 3820 964 3859 a
980 3805 1129 3893 oeqnatbr,
1145 3813 1176 3859 ‘t‘
1194 3801 1223 3865 L
1243 3814 1277 3852 Δ
1298 3794 1449 3881 ecliptica,

171 3922 203 3973 et
225 3907 253 3971 P
268 3906 298 3971 L
313 3904 367 3983 AE,
391 3905 500 3969 circuli
521 3906 675 3991 quadrans
696 3912 846 3997 mquatori
869 3908 1135 3996 perpendicularis
1150 3908 1183 3969 in
1200 3904 1256 3980 AE,
1279 3914 1311 3965 et
1324 3900 1403 3965 datis
1418 3898 1451 3964 in

171 4011 329 4099 triangulo
349 4010 504 4095 sphaerico
526 4012 571 4075 AE
596 4024 626 4071 ‘t‘
651 4014 680 4078 L
706 4018 886 4105 rectangulo
906 4018 939 4079 in
962 4016 1017 4095 ΖΕ,
1047 4016 1142 4079 latere
1168 4032 1222 4075 seu
1245 4007 1457 4073 declinatione-

173 4120 256 4187 Solis
272 4122 301 4185 L
316 4120 371 4200 AE,
387 4133 420 4185 et
434 4120 548 4209 angulo
564 4122 608 4186 AE
624 4135 655 4181 ‘t'
674 4124 711 4201 L,
735 4133 789 4190 28⁰
811 4130 873 4202 29',
890 4125 1003 4188 dantur
1017 4124 1097 4187 latus
1112 4131 1142 4178 ‘t‘
1160 4119 1205 4183 ΖΕ
1219 4117 1358 4182 ascensio
1369 4127 1453 4179 recta

172 4232 258 4307 solis,
267 4236 273 4252 '
283 4252 338 4293 seu
358 4231 468 4325 puncti
492 4230 530 4307 L,
547 4245 579 4295 et
592 4232 672 4295 latus
688 4244 718 4291 ‘t'
736 4234 766 4297 L
781 4234 867 4320 quod
882 4246 929 4298 est
943 4232 1081 4319 ejusdem
1093 4228 1268 4319 longitudo,
1284 4225 1348 4289 imo
1362 4226 1454 4289 datur

176 4340 271 4403 etiam
287 4338 418 4425 angulus
436 4336 478 4400 AE
495 4338 523 4402 L
540 4352 582 4417 φ,
604 4364 695 4426 quem
715 4344 848 4407 circulus
871 4340 1085 4406 declinationis
1100 4340 1192 4404 efficit
1208 4358 1278 4401 cum
1294 4332 1453 4420 ecliptici13

179 4445 264 4511 Ciam
284 4444 358 4507 verit
380 4457 494 4529 praeter
516 4449 664 4535 ungulum
681 4448 724 4513 AE
741 4462 771 4507 φ
789 4452 828 4528 L,
852 4450 925 4513 data
943 4449 1034 4513 fuerit
1047 4447 1211 4536 longitudo
1226 4458 1257 4505 ‘t’
1275 4446 1315 4522 L,
1332 4442 1455 4508 dabitur
1512 4477 1516 4485 ·

176 4568 245 4619 turn
261 4566 292 4614 ‘n
310 4553 355 4618 AE
370 4555 509 4619 ascensio
523 4570 617 4635 recta,
634 4571 700 4622 tum
716 4558 760 4622 ΖΕ
777 4558 816 4643 L,
833 4557 1006 4622 declinatio.
