3384 5459
233 432 298 491 226
534 420 600 490 DE
622 418 776 487 cluss
798 416 1006 488 PHYstca
1028 414 1220 485 FLUXUS

232 595 334 680 ffilff
353 592 494 679 partrhus
515 592 621 681 dipti3
642 610 738 679 queur
757 612 816 657 suo
837 610 928 655 more
951 589 1087 657 brevitas
1109 588 1318 675 deprehendit
1343 587 1518 654 Nestonns

232 720 301 763 esse
321 700 411 785 pedis
432 698 534 776 unius,
555 698 726 785 digitorum
744 696 891 761 undecim
905 716 977 759 cum
991 698 1031 776 rh
1045 706 1135 780 parte
1150 695 1249 783 digiti,
1266 714 1337 781 qua·
1352 691 1483 757 altitudo
1500 715 1520 757 s

231 806 340 873 notui
354 803 459 871 differt
472 804 594 870 tantrim
609 804 695 869 sexti
708 816 799 889 parte
812 800 905 867 unlus
919 802 1019 889 digiti.

278 911 398 978 Venim
412 914 446 978 in
459 914 521 979 hoc
535 912 655 977 calculo
676 912 780 977 'Ferre
796 912 984 996 supponitur
998 930 1065 974 esse
1079 908 1242 995 sphaen'cs,
1258 908 1318 973 nisi
1333 920 1520 995 quatenusa

232 1021 266 1085 ri
290 1022 371 1086 Solis
396 1044 482 1086 mare
504 1020 650 1085 elevatur.
696 1018 760 1084 Sed
782 1018 809 1083 si
832 1036 996 1083 ascensum
1020 1036 1110 1105 aquas
1132 1016 1305 1081 maximum
1324 1034 1518 1103 gauranum,

234 1130 417 1215 ponendum
432 1141 478 1195 est
494 1130 600 1195 Solem
615 1129 649 1192 in
663 1126 780 1192 circulo
794 1124 1002 1212 aequinoctiali
1017 1124 1143 1201 versari,
1160 1122 1357 1211 figuramque
1372 1122 1404 1189 A
1418 1120 1448 1189 Β
1461 1120 1521 1187 sb

110 1302 114 1309 ,
171 1246 174 1251 “
233 1236 268 1300 in
289 1236 350 1302 hoc
372 1236 467 1323 plano
489 1235 644 1313 constitui,
669 1250 703 1299 et
725 1231 870 1323 augenda
892 1244 941 1296 est
961 1232 1008 1295 vis
1031 1230 1062 1295 V
1085 1231 1118 1295 in
1137 1230 1258 1295 ratione

1403 1282 1417 1313 δ

233 1345 468 1411 semi-diametri
488 1345 653 1409 mediocris
672 1343 714 1408 sd
732 1342 1012 1409 semi-diametrum
1028 1340 1138 1405 Terrae
1154 1342 1254 1405 mcxi·
1340 1325 1506 1428 512·

232 1476 331 1531 mum,
353 1466 386 1519 et
404 1453 575 1519 minuenda
590 1465 639 1517 est
653 1452 701 1515 sis
716 1451 750 1516 G
762 1450 864 1515 donec
878 1447 989 1513 evadat
1003 1447 1131 1533 aequalis
1152 1448 1255 1535 gravi·
1314 1421 1483 1531 Β..
1501 1435 1508 1445 ’

233 1560 289 1628 tati
313 1559 370 1624 sub
390 1572 567 1646 aequatore:
591 1558 612 1623 i.
627 1582 655 1623 e.
676 1558 703 1621 si
723 1556 858 1643 figuram
880 1555 991 1620 Terrae
1009 1576 1079 1619 eam
1097 1576 1163 1619 esse
1180 1574 1255 1639 sup-
1428 1571 1436 1590 ²

233 1684 386 1749 ponamus
408 1687 502 1751 quam
522 1662 663 1729 definivit
685 1662 866 1741 Newtonus,
889 1660 1033 1751 augenda
1047 1660 1105 1725 erit
1118 1662 1163 1725 vis
1178 1660 1209 1724 V
1221 1660 1257 1726 iu

233 1774 354 1838 ratione
378 1784 442 1841 459
467 1774 509 1838 ad
532 1782 607 1853 460,
631 1784 663 1838 et
684 1771 854 1836 minuenda
877 1782 924 1836 est
947 1771 979 1836 G
1004 1770 1038 1835 iu
1060 1770 1170 1837 eadem
1192 1768 1257 1837 ferd

233 1882 364 1961 ratione,
388 1882 535 1969 quoniam
556 1880 637 1945 vires
657 1879 816 1969 gravitatis
834 1879 868 1943 in
883 1879 1045 1965 superficie
1061 1878 1171 1948 Terre
1185 1892 1259 1945 suut

233 1986 356 2052 inverse
370 1999 407 2052 ut
420 1986 574 2083 distantiae
587 1986 728 2050 locorum
741 2009 761 2052 a
775 1998 901 2063 centr03
925 1983 1057 2073 cumque
1070 1985 1216 2051 distantia
1237 1986 1258 2050 d

235 2097 276 2160 sit
289 2095 434 2183 augenda
449 2097 483 2159 in
497 2094 608 2164 eddam
622 2086 752 2170 mitione,
767 2093 827 2157 crit
839 2114 986 2157 ascensus
1001 2115 1092 2183 aquae
1105 2094 1138 2155 in
1152 2114 1259 2179 sequa·
1346 2138 1354 2151 .

235 2219 304 2271 tore
320 2204 480 2291 augendus
499 2203 532 2267 in
547 2202 667 2267 ratione
679 2200 835 2286 triplicata
849 2200 1083 2265 semi-dismetri
1096 2198 1264 2263 mediocris

237 2312 279 2376 ad
300 2312 479 2389 maximam,
522 2310 664 2395 adcdque
678 2309 737 2374 erit
750 2309 839 2395 pedis
859 2308 963 2385 unius,
987 2307 1156 2395 digitorum
1177 2308 1322 2373 undecim
1344 2318 1416 2375 cum
1438 2318 1514 2375 60““

238 2420 361 2485 circiter
380 2431 470 2506 purte
483 2419 583 2507 digiti.
627 2418 730 2484 Terra
743 2431 849 2483 sutem
870 2416 961 2482 altior
976 2428 1023 2481 est
1043 2417 1102 2483 sub
1115 2430 1273 2504 oequatore
1289 2419 1382 2507 quiun
1402 2420 1523 2506 prodiit

238 2525 359 2591 calculo
368 2524 573 2590 Newtoninno
582 2547 624 2589 ex
635 2523 802 2610 hypothesi
815 2522 903 2611 qudd
914 2522 1015 2589 Terra
1023 2524 1064 2587 sit
1072 2523 1266 2591 uniformiter
1275 2526 1372 2593 densa
1378 2552 1402 2614 p
1412 2550 1523 2613 super·

166 2607 177 2640 x
238 2636 309 2699 ficis
323 2656 423 2723 usque
436 2632 478 2698 ad
492 2647 649 2710 ocnttum3
670 2646 707 2697 ut
722 2633 879 2720 wutgimr
899 2656 940 2699 ex
962 2634 1054 2701 variis
1074 2634 1282 2719 pendulorum
1297 2638 1522 2703 observationi-

238 2745 308 2822 bus,
339 2756 372 2809 et
398 2743 572 2828 praesertim
592 2766 634 2808 ex
658 2743 803 2809 mensuris
828 2743 944 2831 gradus
966 2744 1128 2811 meridiani
1150 2766 1244 2833 quum
1273 2748 1331 2813 viri
1359 2748 1522 2814 clarissimi

239 2874 340 2935 nuper
354 2851 562 2916 definiverunt
577 2850 804 2916 accuratissimi
818 2852 878 2917 sub
890 2851 1009 2919 otredo
1023 2850 1133 2935 polsri.

281 2961 378 3025 Schol.
397 2965 426 3022 1.
449 2958 484 3022 si
503 2959 688 3043 gravitatem
708 2958 920 3042 posuissemus
940 2958 1092 3044 equalem
1112 2958 1147 3023 in
1168 2960 1200 3025 A
1214 2972 1247 3025 at
1268 2958 1307 3040 B,
1330 2972 1362 3027 et
1376 2962 1523 3048 ejusdem

1358 3078 1377 3134 3
1394 3068 1426 3131 V
1440 3071 1460 3132 d

240 3104 287 3169 vis
302 3104 336 3169 iu
349 3101 415 3167 toth
430 3101 675 3168 circumferentii
691 3104 722 3167 A
739 3104 767 3168 B
784 3102 847 3181 ab,
863 3104 1030 3189 prodiisset
1041 3124 1065 3167 x
1080 3105 1207 3192 aequalis
1221 3105 1342 3170 tantdm
1363 3152 1471 3237 π,
1491 3117 1524 3171 et

242 3297 386 3341 ascensus
407 3296 497 3361 aquas
518 3279 587 3361 (seu
602 3282 622 3337 2
637 3274 672 3354 x)
695 3272 785 3359 pedis
807 3274 910 3353 unius,
932 3274 1103 3363 digitorum
1124 3296 1180 3339 sex
1198 3296 1270 3343 cum
1291 3274 1381 3341 tertii
1402 3276 1523 3342 circiter

241 3395 330 3470 parte
343 3382 443 3471 digiti.
488 3381 737 3469 Quippeiuhic
751 3382 917 3469 hypothesi
931 3384 1098 3469 prodiisset
1112 3384 1183 3451 CA
1197 3384 1239 3449 ad
1255 3384 1331 3462 CB,
1347 3386 1477 3463 utG÷
1492 3387 1523 3449 V

243 3530 482 3608 suc-av,
500 3529 779 3617 adedquexadd,
799 3491 1125 3659 stiplaucquun
1140 3528 1292 3616 proxime.
1331 3530 1527 3617 Atquehinc

243 3715 374 3789 apparet
387 3702 503 3768 utilitas
517 3702 762 3789 proecedentium
777 3702 1041 3786 Propositum,
1064 3700 1136 3767 crim
1147 3724 1295 3766 ascensus
1310 3724 1400 3789 aquae
1414 3724 1529 3769 secum·

247 3810 323 3879 dun
344 3818 427 3876 hanc
446 3810 550 3878 minsis
570 3823 748 3876 accuramu
766 3809 970 3896 hypothesim
990 3810 1092 3875 minor
1103 3810 1146 3875 sit
1161 3830 1291 3876 ascensu
1303 3832 1400 3897 quem
1418 3812 1452 3875 iu
1464 3809 1528 3877 hte

245 3960 465 4047 Proposruone
478 3962 685 4042 detrivimus,
700 3960 873 4026 snmus
886 3924 999 4043 Q,
1023 3963 1131 4052 quus
1147 3965 1367 4051 scilicetparte
1382 3980 1528 4029 ascensu

902 4026 973 4093 ιθ

244 4131 337 4197 illius.

287 4240 383 4304 Sctot
399 4248 430 4306 2.
453 4243 506 4309 Ex
525 4243 586 4308 hae
603 4242 743 4309 doctrinis
763 4254 850 4328 patet
866 4244 1011 4311 satellites
1024 4244 1111 4310 Jovis
1128 4244 1193 4311 Soli
1207 4255 1240 4310 et
1253 4244 1312 4312 shi
1323 4241 1437 4309 numo
1452 4264 1532 4307 con·

242 4350 370 4435 junctos
391 4351 442 4414 rel
463 4353 623 4437 oppositos
638 4354 670 4415 in
686 4374 806 4417 oocuuo
814 4354 924 4437 joviali
945 4354 984 4437 (si
998 4353 1080 4419 ullus
1093 4355 1147 4435 sit)
1169 4355 1310 4441 ingentes
1324 4365 1428 4419 motus
1440 4355 1531 4417 exoi-

246 4446 314 4521 t‘sre
335 4454 459 4533 debere,
481 4458 576 4523 modi>
597 4482 662 4523 uon
682 4460 745 4524 sint
764 4458 858 4525 Lunt
878 4458 982 4523 nostrl
1001 4459 1100 4529 multi>
1115 4462 1271 4538 minores3
1293 4458 1365 4525 crim
1378 4459 1531 4525 diameter

246 4563 335 4628 Jovis
357 4564 398 4628 sd
420 4564 598 4631 distantiam
619 4569 768 4654 cujusque
788 4568 929 4633 satellitis
947 4567 1047 4633 multo
1069 4570 1219 4657 majorem
1230 4568 1355 4633 haheat
1378 4568 1535 4633 rationem

247 4672 343 4761 qudm
363 4675 514 4743 diensem
538 4676 648 4743 Terrae
668 4679 709 4745 ad
730 4678 908 4771 dhtentiem
929 4679 1040 4745 Luuae,
1082 4678 1259 4747 Verisimile
1277 4689 1325 4745 est
1341 4678 1535 4745 mussona·
