3384 5459
272 422 349 465 xxiv
752 416 1089 499 INTRODUCTIO
1150 429 1152 432 ’
1399 450 1498 530 [Can.
1516 456 1563 523 11.

271 574 470 661 Maupertuis
480 582 710 652 nobil'usimum
720 610 801 676 opus
815 594 856 659 de
870 596 973 686 figuti
987 587 1108 674 telluris
1121 632 1180 696 per
1192 614 1425 691 observationes
1445 630 1487 694 ad
1501 633 1561 699 cir·

268 682 375 747 culum
388 686 528 769 polanam
544 690 684 759 deliniti.
1332 767 1336 771 Α

310 798 363 861 27.
378 794 546 917 ’Beiractio
560 800 670 867 sideris
685 801 937 893 declinationem,
952 810 1168 892 ascensionem
1182 844 1311 915 rectam,
1326 836 1559 929 longitudinem

168 960 172 969 ,
266 918 303 961 nc
330 898 528 968 lautudmem
556 908 652 975 efficat
682 922 714 976 et
742 936 833 981 arcus
864 921 974 987 circuli
1001 932 1132 997 maximi
1154 960 1219 1024 quo
1245 941 1357 1010 sideris
1377 948 1556 1034 declinatio,

264 1009 404 1130 ascensio
422 1024 520 1131 recta,
541 1014 707 1104 longitudo
727 1034 760 1087 et
779 1023 914 1091 latitudo
933 1032 1086 1104 mimdwr
1106 1044 1155 1108 vel
1174 1062 1308 1137 eugenn-
1321 1076 1380 1140 per
1394 1059 1558 1129 reflectio

262 1134 345 1193 nem,
369 1116 483 1182 dlcrtur
503 1120 650 1197 refractio
669 1126 884 1197 declinationis
897 1136 950 1202 vel

261 1225 450 1290 ascensionis
465 1242 570 1309 rectae,
592 1234 668 1311 διας
690 1248 723 1299 at
737 1260 777 1302 ex
792 1239 865 1305 dats
874 1242 951 1309 dti-

260 1332 377 1398 tudinis
406 1336 592 1404 refractione
627 1340 697 1407 aliae
727 1344 950 1417 refractionum

254 1656 357 1723 latera
372 1661 399 1725 Z
414 1684 429 1726 s
444 1675 476 1727 et
492 1664 518 1729 Z
535 1664 652 1733 Pcum
666 1672 783 1759 angulo
798 1696 812 1737 s
830 1674 949 1743 ZPet

253 1766 328 1832 india
350 1772 506 1855 reperitur
529 1774 610 1841 latus
636 1801 651 1842 s
678 1780 707 1845 P
730 1804 802 1846 cum
827 1788 946 1874 angulo
1078 1845 1085 1867 ,

253 1896 269 1939 s
292 1875 321 1940 P
344 1878 370 1942 Z
392 1881 481 1966 cujus
501 1904 650 1949 mensura
671 1899 719 1951 est
740 1912 831 1965 arcus
846 1892 944 1975 AEd,
989 1846 1025 1904 Η

250 1982 336 2050 undt
360 1984 433 2051 etim
456 1988 549 2054 detur
573 2014 664 2057 arcus
685 1994 731 2059 AE
751 1997 796 2077 D,
817 1999 945 2067 dabitur

248 2114 342 2159 arcus
363 2093 385 2159 d
403 2096 437 2161 D
458 2098 602 2165 reli-actio
628 2105 817 2171 ascensionis
845 2121 942 2175 rectae

247 2200 357 2268 sideris
382 2206 423 2282 ὃς
445 2219 478 2272 et
498 2208 572 2295 quia
591 2209 707 2276 dantur
725 2236 816 2280 arcus
836 2216 888 2282 ds
902 2230 936 2283 et

246 2309 281 2375 D
298 2310 331 2388 S,
348 2308 475 2376 dabitur
488 2312 583 2378 etiam
602 2315 716 2380 horum
738 2342 869 2385 arcuum
890 2318 1076 2395 differentia,
1092 2338 1164 2401 quae
1179 2314 1386 2382 est1eiractio
1401 2318 1538 2385 declina·

244 2418 347 2484 tionis.
393 2422 458 2486 Sed
477 2422 559 2487 datis
582 2424 792 2489 declinatione
813 2440 846 2492 et
869 2428 1052 2492 ascensione
1074 2422 1180 2487 recti:
1206 2424 1316 2507 puncti
1341 2426 1478 2511 cujusvis
1502 2430 1537 2492 in

243 2526 368 2612 sphoeria
389 2527 559 2605 mundani,
582 2529 698 2593 dantur
718 2529 816 2614 ipsius
836 2532 971 2598 latitudo
990 2543 1023 2597 et
1045 2528 1211 2617 longitudo
1228 2530 1315 2613 (ls);
1336 2543 1423 2615 patet
1436 2534 1533 2622 igitur

167 2646 170 2653 '
242 2635 401 2722 quomodo
414 2632 587 2699 latitudinis
602 2646 634 2699 et
648 2634 853 2723 longitudinis
867 2639 1070 2705 refractiones
1082 2636 1205 2723 possint
1217 2635 1360 2703 inveniri.

283 2750 336 2807 28.
358 2742 495 2808 Jam¹de
516 2744 738 2809 Paralluaiban
757 2766 859 2830 pauca
879 2746 971 2811 nobis
998 2744 1166 2812 delibanda
1189 2756 1271 2808 sunt.
1317 2746 1451 2827 Caetera,
1477 2751 1532 2814 ubi

239 2872 320 2937 opus
340 2852 445 2933 fucrit,
468 2854 532 2919 suis
554 2853 631 2918 locis
652 2876 860 2940 exponemus.
905 2856 1016 2943 Itaque
1037 2853 1184 2919 distantia
1201 2852 1345 2917 locorum
1358 2856 1392 2919 in
1407 2856 1530 2941 sphaersi

238 2958 358 3024 coelesti
378 2959 419 3023 ad
439 2981 512 3045 quae
533 2959 620 3025 sidus
634 2960 684 3026 vel
697 2961 932 3046 phaenomenon
946 2962 1079 3050 quodvis
1093 2984 1113 3025 e
1127 2959 1293 3044 superficie
1306 2961 1427 3027 tellmis
1441 2976 1530 3030 etex

237 3070 304 3155 ejus
325 3082 435 3135 cantro
456 3082 630 3156 spectatum
652 3071 795 3151 refertur,
818 3071 884 3137 sive
905 3094 996 3137 arcus
1018 3070 1127 3137 circuli
1146 3069 1276 3134 maximi
1293 3069 1375 3135 inter
1395 3072 1450 3136 illa
1463 3073 1529 3138 duo

234 3175 306 3241 loca
319 3177 520 3262 interceptus,
543 3178 639 3264 ipsius
654 3179 765 3245 sideris
780 3191 835 3245 aut
848 3178 1051 3267 phaenomeni
1065 3176 1233 3265 parallaxis
1248 3177 1432 3263 appellatur,
1456 3204 1528 3268 quae

234 3286 369 3371 proinde
390 3287 478 3351 nulla
499 3300 546 3353 est
564 3288 626 3353 nisi
641 3299 734 3355 terrae
749 3289 979 3356 semidiameter
996 3286 1174 3355 sensibilem
1188 3285 1302 3351 habeat
1316 3288 1470 3353 rationem
1477 3273 1526 3354 'ad

234 3392 414 3459 distantiam
434 3394 545 3459 sideris
567 3418 587 3459 a
606 3394 700 3461 terni.
749 3396 797 3461 Sit
812 3397 844 3462 T
858 3409 1001 3462 centrum
1016 3395 1135 3462 telluris
1149 3416 1187 3458 ac
1203 3394 1273 3458 coeli
1282 3418 1292 3471 3
1316 3395 1348 3459 A
1362 3396 1471 3460 oculus
1490 3399 1525 3463 in

212 3489 215 3495 ¹
233 3504 528 3590 superficie1terroe3
550 3506 576 3571 Z
597 3506 702 3571 aenith
722 3506 784 3573 loci
808 3507 860 3584 A;
882 3506 917 3584 Q
937 3506 1023 3571 sidus
1042 3506 1093 3570 rel
1114 3504 1349 3589 phaenomenon
1372 3504 1522 3591 quodvis3

235 3612 263 3678 C
287 3612 321 3690 Q
339 3614 368 3679 P
392 3614 547 3680 verticalis
568 3638 625 3701 per
648 3616 682 3693 Q
702 3614 875 3694 transiens;
904 3616 930 3680 Z
953 3616 977 3681 S
999 3616 1035 3679 X
1057 3615 1095 3680 H
1120 3612 1274 3679 verticalis
1300 3614 1333 3676 in
1356 3614 1522 3699 superficie

232 3721 366 3807 sphaerae
388 3724 540 3803 coelcstis3
565 3724 695 3792 ABE
717 3725 872 3790 verticalis
894 3726 930 3789 in
952 3723 1119 3809 superficie
1140 3735 1252 3799 terrm
1275 3722 1308 3787 T
1330 3722 1369 3787 H
1389 3722 1522 3790 horizon

231 3830 390 3896 rationalis
412 3844 444 3897 et
458 3833 526 3898 Ah
549 3830 680 3897 horizon
701 3831 866 3897 sensibilis.
915 3832 979 3897 His
1000 3828 1045 3899 iat
1066 3830 1250 3907 constitutis,
1267 3828 1355 3893 locus
1368 3830 1518 3916 physicus

230 3937 341 4003 sideris
353 3940 396 4019 Q,
412 3952 460 4007 est
473 3952 626 4027 punctum
639 3940 719 4005 illud
732 3942 766 4005 in
780 3964 844 4028 quo
859 3939 970 4005 sideris
981 3952 1123 4005 centrum
1133 3939 1241 4003 hoeret.
1279 3937 1386 4003 Inous
1396 3939 1519 4031 opticus

228 4069 384 4133 apparens
406 4072 461 4115 seu
482 4052 567 4115 visus
591 4063 639 4116 est
658 4062 810 4135 punctum
826 4052 857 4115 V
872 4052 905 4115 in
920 4050 1086 4135 superficie
1100 4049 1233 4133 sphaerae
1248 4048 1391 4128 coelestis,
1406 4050 1439 4113 in
1455 4072 1520 4137 quo

227 4168 314 4221 recta
327 4178 368 4221 ex
382 4157 474 4221 oculo
490 4159 521 4223 A
535 4179 593 4244 per
608 4171 751 4223 centrum
765 4158 876 4223 sideris
888 4156 923 4234 Q
935 4156 1031 4222 ducta
1044 4155 1237 4253 terminatam
1275 4155 1380 4220 Locus
1391 4158 1514 4241 opticus

227 4288 321 4330 verus
344 4276 392 4331 est
415 4278 567 4353 punctum
592 4268 615 4333 S
640 4267 674 4331 in
699 4266 864 4352 superficie
886 4266 1020 4352 sphaerae
1043 4266 1176 4329 coelcstis
1197 4266 1315 4350 inquo
1333 4268 1518 4333 terminatur

230 4387 317 4438 recta
329 4372 414 4437 linea
428 4373 461 4439 T
476 4373 510 4450 Q
526 4374 549 4439 S
564 4396 604 4437 ex
618 4387 711 4439 terrae
725 4386 834 4439 centro
849 4374 882 4439 T
894 4396 953 4459 per
968 4373 1002 4450 Q
1016 4371 1120 4439 ducta.
1163 4374 1346 4438 Parcllcnis
1366 4386 1413 4439 est
1426 4397 1518 4440 arcus

234 4482 257 4545 S
273 4474 309 4544 V
327 4480 392 4545 sird
415 4479 589 4546 differentia
610 4480 745 4545 duorum
759 4482 902 4545 locorum
917 4480 1101 4565 opticorum.
1145 4478 1283 4564 Angelus
1297 4484 1518 4565 pmailoctiuts

231 4609 283 4675 qua
304 4586 492 4675 plerumque
514 4588 607 4651 etiam
628 4590 811 4653 Parallucis
832 4599 968 4663 vocatur,
995 4597 1043 4650 est
1063 4585 1198 4674 angulus
1219 4588 1251 4652 A
1267 4586 1300 4663 Q
1315 4586 1348 4651 T
1368 4610 1462 4673 quem
1482 4589 1517 4653 in
