3384 5459
155 482 158 493 ,
239 419 340 491 xxxvi
606 422 799 497 INTROD.
822 430 888 496 AD
910 431 1047 497 TERT.
1071 431 1160 498 LIB.
1339 428 1439 512 [Car.
1453 428 1519 498 ΙΙΙ.

132 633 139 657 t
238 598 344 663 medio
366 594 406 663 ad
428 600 532 663 locum
556 602 636 665 Solis
658 603 895 680 inveniendum3
925 602 998 668 crim
1023 605 1107 669 enim
1131 617 1255 689 tempus
1280 624 1433 688 apparens
1456 626 1521 668 non

238 704 371 767 multum
385 704 508 768 differat
522 728 542 769 a
555 718 695 792 tempore
709 708 823 786 medio,
847 709 1022 775 differentia
1034 711 1116 774 inter
1130 710 1342 774 ascensionem
1357 723 1475 773 rectam
1489 722 1522 774 et

237 810 467 897 longitudinem
487 813 623 877 mediam
646 814 728 879 Solis
750 827 797 879 est
818 838 914 901 quam
934 816 1079 901 proxime
1098 816 1218 893 eadem,
1242 814 1307 880 sive
1325 837 1384 900 per
1397 798 1521 902 tempus

239 919 387 997 medium,
404 920 468 985 sive
482 944 540 1007 per
555 934 678 1008 tempus
693 946 847 1008 apparens
860 926 1045 1012 inquiratur.

282 1034 334 1096 47.
356 1030 428 1093 Jam
442 1029 517 1094 verb
531 1030 558 1093 si
572 1042 712 1115 tempore
727 1033 836 1117 quovis
851 1037 1021 1117 apparente
1034 1033 1217 1097 observetur
1233 1032 1314 1097 Solis
1329 1032 1470 1097 ascensio
1489 1042 1522 1095 et

238 1134 405 1227 longitudo
423 1161 507 1217 vera,
530 1138 665 1225 indeque
686 1128 822 1204 eruatur
836 1139 933 1224 ipsius
953 1140 1118 1227 longitudo
1139 1138 1243 1203 media
1258 1139 1326 1222 (44)
1343 1162 1380 1202 ac
1398 1153 1528 1223 tempus·

239 1270 392 1333 apparens
417 1260 614 1313 eonvertatur
638 1248 672 1311 iu
696 1258 819 1333 tempus
843 1248 983 1312 medium
1007 1250 1074 1333 (47)
1098 1246 1283 1311 habebimus
1307 1247 1413 1310 locum
1438 1246 1521 1311 Solis

197 1380 203 1391 ¹
239 1356 377 1420 medium
390 1378 449 1441 pro
463 1356 537 1420 dato
548 1356 697 1439 temporis
711 1355 806 1418 medii
820 1368 989 1433 momento,
1002 1366 1033 1418 et
1043 1354 1095 1419 hie
1107 1354 1196 1418 locus
1207 1354 1267 1418 erit
1277 1353 1369 1417 radix
1378 1366 1522 1416 motuum

173 1543 175 1553 Ι
241 1462 332 1538 Solis,
355 1474 549 1527 momentum
570 1460 645 1525 verb
665 1461 815 1546 temporis
829 1461 927 1526 medii
940 1461 1049 1525 datum
1064 1460 1185 1546 epocha
1198 1473 1376 1545 temporum
1390 1482 1523 1545 compu-

238 1567 425 1643 tandorum3
455 1567 566 1653 quibus
587 1566 682 1631 semel
705 1567 879 1631 constitutis
904 1566 946 1631 ad
970 1568 1132 1653 quodlibet
1156 1566 1242 1631 aliud
1263 1567 1373 1631 datum
1398 1578 1522 1651 tempus

238 1676 377 1739 modium
401 1676 451 1739 vel
474 1698 626 1761 apparens
651 1675 783 1740 inveniri
802 1675 919 1761 poterit
938 1676 1025 1740 locus
1049 1677 1131 1742 Solis
1158 1699 1249 1740 verus
1274 1676 1324 1739 vel
1345 1675 1466 1739 medius
1486 1676 1521 1738 in

241 1784 382 1869 ecliptica
405 1796 438 1848 et
462 1783 581 1848 contrd.
627 1784 840 1869 Exposuimus
861 1785 929 1870 jam
955 1786 1024 1869 (44)
1050 1784 1208 1871 quomodo
1232 1786 1320 1849 locus
1344 1785 1424 1851 Solis
1446 1783 1522 1847 dato

131 1912 136 1921 ·
238 1900 379 1975 tempore
399 1888 503 1953 medio
517 1890 700 1975 inquiratur.
746 1890 781 1955 Si
794 1889 903 1953 datum
918 1891 958 1954 sit
973 1902 1096 1976 tempus
1110 1914 1276 1977 apparens,
1291 1892 1355 1957 hoc
1368 1904 1520 1977 tanquan

238 2004 363 2079 tempus
384 1994 523 2059 medium
542 2007 708 2079 usurpetur
723 2007 754 2059 et
768 2008 927 2081 quoeratur
941 1996 1028 2061 locus
1044 1996 1127 2062 Solis
1141 2020 1232 2062 verus
1246 1997 1320 2062 huie
1334 2018 1521 2081 correspon·
1598 2018 1604 2024 ·

240 2101 319 2193 dens
351 2102 419 2186 (44)
429 2125 439 2177 ;
476 2099 589 2181 deinde
617 2102 805 2189 longitudini
836 2103 917 2167 Solis
942 2104 987 2168 sic
1011 2106 1147 2170 inventae
1168 2118 1291 2171 tantum
1314 2106 1519 2193 longitudinis

239 2208 373 2273 addatur
394 2208 444 2273 vel
463 2208 606 2273 demmur
621 2221 771 2295 quantum
790 2211 939 2294 temporis
953 2212 1122 2297 aquatioui
1135 2211 1266 2277 debetur
1280 2224 1314 2277 et
1326 2211 1370 2277 ita
1382 2210 1521 2296 prodibit

122 2340 127 2347 ¹
239 2318 326 2382 locus
347 2318 428 2384 Solis
445 2318 579 2403 tempori
594 2319 755 2404 apparenti
770 2318 973 2403 respondens,
1019 2319 1124 2383 Facile
1138 2332 1186 2383 est
1200 2342 1241 2383 ex
1255 2319 1346 2384 dictis
1360 2320 1521 2404 problema

239 2426 396 2489 inversum
418 2425 546 2501 solvere,
569 2447 625 2489 scu
642 2423 770 2489 exdate
784 2425 855 2489 loeo
871 2425 952 2490 Solis
966 2426 1073 2489 medio
1087 2438 1143 2491 aut
1155 2448 1231 2491 vero
1244 2439 1368 2511 tempus
1382 2426 1522 2491 medium

239 2546 294 2601 aut
307 2556 460 2621 apparens
474 2534 548 2598 huic
566 2534 647 2599 Solis
661 2533 732 2599 loco
747 2534 940 2619 respondens
954 2535 1103 2599 invenire.

159 2642 163 2647 ’
282 2654 334 2709 48.
359 2642 427 2707 Nee
446 2664 525 2729 opus
547 2654 594 2707 est
615 2654 650 2707 ut
664 2663 846 2728 moneamus
861 2642 985 2705 easdem
1000 2664 1067 2707 esse
1081 2652 1225 2708 motuum
1238 2644 1410 2709 coelestium
1424 2662 1522 2728 appa-

238 2750 362 2826 rentiae,
386 2749 450 2813 sive
472 2747 586 2812 ooelum
607 2768 701 2810 omne
722 2768 794 2810 eum
817 2746 914 2811 stellis
935 2745 1019 2811 circa
1032 2746 1176 2812 tellurem
1191 2761 1279 2813 motu
1293 2749 1407 2813 diurno
1422 2747 1522 2813 revol-

238 2871 329 2923 vatur
349 2859 390 2922 ab
412 2858 532 2922 oriente
553 2858 587 2921 in
607 2856 811 2932 occidentem,
835 2856 900 2919 sive
921 2869 1005 2920 terra
1026 2854 1110 2920 circa
1121 2858 1286 2943 proprium
1299 2879 1392 2921 axem
1407 2857 1520 2921 eodem

239 2979 380 3051 tempore
401 2965 443 3028 ab
468 2964 629 3028 occidente
654 2964 688 3027 in
713 2948 866 3027 omenta
887 2964 1026 3027 converti
1051 2976 1244 3049 supponatur
1267 2966 1400 3029 immoto
1419 2964 1521 3042 coelo;

242 3072 307 3139 sive
328 3073 421 3137 etiarn
441 3083 526 3137 terra
539 3072 668 3142 immota
680 3082 805 3135 maneat
819 3081 851 3134 et
868 3067 922 3135 Sol
935 3072 1064 3156 proprio
1078 3083 1167 3137 mota
1181 3072 1221 3135 ab
1235 3092 1347 3136 occasu
1361 3070 1404 3135 ad
1417 3082 1522 3136 ortum

241 3182 368 3259 feratur,
391 3202 446 3247 seu
467 3181 550 3245 circa
567 3180 674 3245 Solem
694 3180 859 3243 immotum
878 3191 964 3253 terra
977 3192 1065 3245 motu
1080 3202 1186 3245 annuo
1205 3180 1466 3246 circumvolvatur
1485 3182 1522 3246 in

241 3288 393 3375 ecliptica.
451 3290 536 3353 Nam
556 3289 589 3353 in
610 3286 743 3375 utrique
765 3288 979 3371 suppositione
998 3288 1143 3353 diametri
1162 3300 1347 3375 apparentes
1361 3300 1394 3357 et
1406 3288 1522 3355 veloci·

242 3411 320 3467 tates
334 3396 471 3465 relative
485 3409 557 3463 aunt
576 3398 704 3465 eaedem
