3384 5459
268 395 331 451 stt
571 391 637 456 DE
659 390 812 459 CAUSA
835 389 1040 457 PHYSlCA
1063 390 1253 459 FLUXUS

268 572 301 623 et
329 580 493 624 ascensum
518 584 608 647 aquae
637 586 678 627 ex
709 562 842 649 utrique
870 564 902 627 vi
931 565 1099 630 oriundum
1121 566 1154 628 in
1176 563 1329 629 distantiis
1350 564 1564 629 luminarium

268 671 478 735 mediocribus
499 670 565 737 fore
585 674 704 759 pedum
727 683 768 739 50
790 698 863 738 cum
885 675 1021 739 semisse.
1067 674 1193 739 Harum
1209 675 1323 739 virium
1344 675 1498 738 rationem
1513 695 1565 739 ex

267 780 534 844 observationibus
555 802 574 843 a
596 780 693 844 celeb.
710 781 834 845 Cassini
855 782 889 844 in
909 780 980 845 loco
1002 780 1096 867 suprd
1117 782 1211 845 citato
1225 780 1325 845 allatis
1340 780 1562 866 quaesivimus.

269 886 388 952 Verdm
409 888 482 954 crim
502 902 617 974 praeter
637 891 798 979 generales
821 912 929 955 causas
945 893 1012 976 jam
1032 904 1218 955 memoratas
1237 910 1369 975 quarum
1384 888 1498 974 aliqua·
1513 889 1563 951 ad

267 995 421 1059 cdculum
440 997 495 1059 rix
515 998 656 1061 revocari
675 1011 816 1081 possunt,
840 997 910 1060 aliae
924 998 1018 1061 variae
1033 1019 1073 1061 ex
1086 996 1227 1059 locorum
1242 996 1312 1071 situ,
1333 994 1484 1058 vadorum
1505 996 1562 1059 in-

267 1103 349 1181 dole,
372 1115 536 1168 ventorum
557 1105 588 1167 vi
609 1117 640 1169 et
663 1104 756 1191 plaga
778 1104 959 1189 pendentes,
982 1116 1075 1167 aestus
1093 1104 1188 1167 maris
1202 1124 1286 1166 nunc
1301 1103 1443 1187 majores,
1465 1122 1563 1166 nunc

268 1213 405 1275 minores
426 1212 569 1288 reddant,
592 1234 657 1275 non
670 1225 717 1275 est
731 1211 846 1276 mirum
868 1213 894 1275 si
915 1213 995 1275 vires
1018 1211 1120 1275 Lunae
1136 1233 1206 1296 quae
1220 1208 1376 1294 prodeunt
1389 1232 1430 1273 ex
1445 1210 1563 1273 obser-

267 1317 443 1381 vationibus
458 1319 491 1380 in
505 1317 581 1380 locis
596 1317 735 1394 diversis,
751 1317 800 1381 rel
815 1319 849 1380 in
863 1316 973 1381 eodem
987 1317 1057 1380 loco
1071 1316 1201 1379 diversis
1214 1315 1448 1400 tempestatibus
1463 1316 1562 1379 insti-

267 1424 344 1490 tutis
366 1444 432 1486 non
453 1422 547 1507 plane
568 1424 771 1487 consentiant.
818 1423 982 1507 Computis
996 1422 1090 1509 igitur
1106 1444 1190 1507 quos
1199 1420 1239 1485 de
1253 1434 1341 1485 motu
1355 1422 1450 1483 maris
1465 1443 1508 1483 ex
1522 1423 1560 1486 vi

267 1533 372 1598 Lunae
392 1531 528 1595 oriundo
549 1532 737 1596 instituimus
757 1529 954 1595 recensendis
979 1530 1259 1615 impraesentiarum
1283 1550 1348 1593 non
1371 1528 1561 1591 immorabi-

266 1662 349 1705 mur.
396 1641 568 1726 Postquam
589 1639 663 1703 verb
685 1639 916 1703 observationes
938 1639 1050 1723 aliquae
1072 1639 1154 1702 circa
1167 1651 1262 1703 aestus
1277 1639 1370 1701 maris
1384 1638 1425 1702 ad
1446 1638 1559 1702 littora

266 1749 424 1813 Americae
438 1759 470 1809 et
485 1746 586 1811 lndiae
601 1745 770 1812 Orientalia
784 1768 862 1832 quas
876 1758 1085 1829 expectamus,
1102 1746 1143 1809 ad
1157 1767 1267 1809 manus
1281 1743 1488 1828 pervenerint,
1512 1745 1558 1810 de

265 1856 352 1920 hisce
374 1855 481 1919 forsan
505 1853 618 1919 certius
639 1854 824 1939 judicemus.
882 1852 1093 1916 Observamus
1117 1850 1238 1915 tantiam
1261 1864 1354 1915 aestus
1379 1853 1412 1915 in
1436 1853 1557 1915 minori

265 1963 386 2026 ratione
400 1964 580 2026 decre-scere
593 1959 692 2023 rideri
710 1957 803 2045 quam
818 1956 974 2043 duplicati
986 1958 1071 2021 sinus
1087 1957 1303 2042 complementi
1318 1956 1555 2036 declinationis;

265 2069 343 2154 quin
364 2081 396 2131 et
415 2067 546 2153 reliquae
567 2065 662 2129 oestits
683 2065 768 2152 leges
789 2062 950 2151 generales
971 2086 1011 2127 ex
1032 2077 1118 2127 motu
1138 2086 1228 2149 aquae
1249 2064 1409 2147 reciproco
1427 2080 1556 2148 pertur-

265 2179 389 2241 bantur.
440 2175 504 2240 Sed
518 2196 661 2238 veremur
675 2195 716 2237 ne
730 2172 858 2237 taedium
874 2173 985 2256 pariat,
1008 2173 1034 2235 si
1056 2186 1231 2257 repetamus
1246 2194 1317 2257 quae
1331 2173 1370 2236 ab
1384 2173 1451 2237 aliis
1467 2176 1554 2259 jam-

265 2286 386 2350 dudum
402 2284 516 2348 tradita
529 2295 611 2347 sunt.
642 2280 753 2346 AEstus
767 2280 903 2357 autumali
918 2306 937 2346 a
950 2281 1091 2344 locomm
1102 2293 1134 2344 et
1143 2279 1276 2344 marium
1290 2282 1351 2344 situ
1365 2282 1554 2369 plemmque

266 2391 405 2476 pendere
419 2390 573 2455 videntur.
620 2388 861 2455 Observandum
875 2400 979 2453 tamen
994 2378 1034 2452 eir
1053 2387 1172 2453 theoritl
1187 2386 1346 2475 gravitatis
1361 2391 1458 2477 sequi,
1481 2393 1555 2457 uni·

265 2520 337 2563 cum
358 2496 480 2563 tantum
501 2510 612 2561 aestum
633 2496 733 2580 spatio
755 2504 796 2559 24
818 2496 967 2559 horarum
990 2496 1171 2583 contingere
1191 2518 1416 2583 nonnunquam
1435 2500 1554 2566 debere

264 2604 299 2669 in
318 2604 394 2668 locis
416 2604 499 2669 ultra
519 2611 562 2670 62
584 2602 718 2691 gradum
737 2601 919 2682 latitudinis,
942 2602 969 2667 si
989 2602 1192 2688 reciprocatio
1206 2602 1310 2669 motuis
1325 2624 1415 2691 aquae
1430 2604 1464 2669 id
1477 2628 1552 2692 per-

266 2714 445 2779 mitteret*

260 2814 264 2822 ’
307 2822 445 2900 Quodsi
466 2822 600 2908 analysis
615 2822 807 2887 diversarum
822 2816 986 2888 cansmum
999 2846 1070 2910 quae
1086 2824 1127 2888 ad
1142 2836 1235 2889 aestus
1249 2825 1456 2911 phaenomena
1475 2844 1551 2907 pro-

266 2928 411 2994 ducenda
432 2929 604 3006 conserunt,
628 2934 771 2994 accurate
793 2930 912 2994 institui
926 2942 1041 3015 posset,
1056 2930 1089 2993 id
1106 2929 1189 2995 certe
1204 2932 1245 2995 ad
1260 2931 1435 2994 uberiorem
1450 2930 1552 2993 scien·

263 3039 340 3101 tiam
364 3040 477 3101 virium
499 3051 531 3101 et
550 3052 693 3102 motuum
715 3040 888 3124 systematis
908 3039 1018 3103 mundi
1038 3062 1103 3103 non
1124 3061 1236 3125 parum
1251 3038 1416 3103 conferret.
1461 3037 1550 3101 Hinc

265 3146 350 3208 enim
371 3146 447 3208 situs
469 3146 569 3209 centri
589 3147 748 3231 gravitatis
771 3147 872 3210 Lunae
895 3160 927 3210 et
948 3148 1069 3225 Terrae,
1092 3162 1124 3213 et
1145 3172 1215 3235 quae
1232 3150 1273 3213 ad
1292 3148 1550 3235 aequinoctiorum

264 3255 505 3338 praecessionem
528 3254 648 3340 aliaque
669 3256 877 3340 phaenomena
897 3268 1018 3320 naturae
1038 3258 1172 3345 insignia
1193 3270 1342 3343 spectant,
1366 3254 1479 3321 certius
1502 3258 1549 3318 in-

262 3372 467 3423 notescerent.
514 3360 602 3435 Quas
623 3360 665 3423 ob
687 3382 794 3424 causas
816 3362 961 3425 ascensius
983 3386 1072 3448 aquae
1094 3366 1306 3449 quantitatem,
1329 3386 1488 3449 quousque
1508 3382 1550 3426 ex

263 3468 403 3531 motibus
428 3468 606 3533 coelestibus
632 3491 702 3532 eam
724 3471 847 3556 assequi
873 3470 953 3548 licet,
975 3473 1117 3536 accurate
1136 3472 1345 3537 deliniendam
1366 3487 1398 3536 et
1417 3473 1547 3537 demon·

261 3573 430 3651 strandum,
452 3575 562 3658 positis
584 3574 705 3661 legibus
725 3578 885 3663 gravitatis
907 3600 978 3664 quae
1000 3600 1040 3642 ex
1062 3580 1328 3645 observationibus
1351 3580 1548 3645 deducuntur

263 3679 317 3765 (de
332 3681 419 3763 cujus
434 3680 526 3743 aust
541 3678 675 3744 hicnon
689 3698 736 3744 est
750 3682 924 3747 disserendi
938 3684 1037 3764 locus)
1052 3686 1238 3769 putavimus.
1284 3687 1427 3773 Cogitata
1440 3697 1547 3749 autem

263 3786 333 3851 baec
357 3788 584 3875 qualiacunque
601 3790 722 3874 judicio
744 3791 959 3856 illustrissimae
982 3794 1162 3859 Academiae
1193 3796 1312 3885 Regiae,
1344 3819 1438 3883 quam
1460 3798 1545 3861 omni

263 3895 384 3959 honore
398 3908 430 3960 et
443 3896 614 3960 reverentii
629 3918 752 3980 semper
765 3901 991 3984 prosequimur,
1008 3900 1150 3965 lubenter
1165 3904 1381 3967 submittimus

292 4070 307 4098 ·
320 4066 356 4115 aa
370 4067 434 4115 aaa
453 4068 531 4115 nune
549 4066 674 4117 amima
693 4074 724 4115 aa
743 4083 779 4131 gr.
797 4078 822 4117 a
840 4069 887 4117 1001
918 4071 1004 4119 ream
1019 4080 1054 4119 aa
1073 4072 1168 4122 numm
1183 4076 1255 4124 amu
1273 4063 1366 4123 aarum
1385 4082 1417 4125 24
1435 4079 1542 4128 amam

259 4129 322 4179 ultra
337 4137 368 4181 62
386 4147 422 4196 gr.
440 4132 521 4181 versus
535 4132 632 4181 andan
649 4132 753 4196 plagam,
769 4142 794 4181 et
811 4134 887 4181 mani-
918 4136 993 4197 spatio
1004 4136 1050 4184 loci
1061 4138 1132 4200 hujus
1141 4140 1283 4189 horizontem
1294 4141 1415 4205 attingere,
