3384 5459
440 442 630 510 FLUXUS
653 444 714 508 AC
738 443 992 509 REFLUXUS
1015 440 1176 509 MARIS.
1388 454 1448 513 Slt

105 677 109 698 ι
165 611 266 695 spatio
286 632 306 673 a
326 620 434 673 centro
455 612 615 697 gravitatis
636 612 757 675 interea
777 633 927 695 percurso
942 623 989 675 eat
1002 610 1212 675 aestimandus.
1258 610 1451 699 Hocigitur

164 738 255 793 casm·
270 738 333 801 quo
356 716 467 780 Terrae
481 718 679 801 superficiem
694 716 826 781 solidam
840 719 881 783 ad
896 740 929 781 m
943 738 965 779 n
980 740 1078 803 usque
1098 716 1276 805 pertingere
1291 720 1449 803 ponimus,

165 825 337 911 reperietur
351 838 494 889 centrum
508 828 667 913 gravitatis
681 850 791 891 massae
804 850 828 891 n
844 828 871 891 F
888 826 927 893 M
941 850 974 891 m
986 826 1050 891 fere
1064 827 1154 913 teque
1169 829 1309 893 celeriter
1323 852 1451 913 promo·
1582 874 1586 891 .

163 934 230 997 veri
251 933 367 998 debere
388 956 425 997 ac
446 946 597 1018 punctum
614 936 655 1011 A,
677 957 717 997 ex
732 958 795 1019 quo
808 935 875 1019 ejus
891 934 1030 999 celeritas
1044 946 1132 997 tanta
1146 958 1212 999 esse
1227 936 1364 1012 deberet,
1389 936 1450 1020 quii

163 1057 306 1131 ternpore
320 1047 412 1109 unius
426 1046 514 1108 horae
526 1047 659 1129 spatium
670 1044 735 1109 fere
746 1054 785 1110 15
796 1044 949 1132 graduum
966 1066 1148 1129 percurrere
1162 1056 1276 1128 posset,
1289 1068 1360 1129 quae
1369 1044 1451 1109 cele·

167 1154 243 1218 ritas
258 1155 397 1241 undique
410 1154 491 1218 foret
502 1153 637 1217 enormis
651 1176 689 1217 ac
703 1152 865 1237 stupenda.
896 1154 942 1217 At
956 1152 983 1216 si
996 1153 1075 1217 mari
1093 1151 1337 1235 profunditatem
1352 1156 1450 1237 majo-

164 1282 232 1326 rem
246 1262 428 1338 tribuamus,
451 1261 567 1327 scilioet
580 1260 621 1325 ad
641 1286 664 1337 μ
684 1287 694 1322 ι
714 1282 823 1345 usque,
846 1270 914 1324 trun
928 1259 982 1323 illa
996 1260 1137 1324 celeritas
1152 1258 1251 1323 multd
1265 1260 1321 1324 fiet
1335 1261 1449 1338 minor,

164 1368 321 1434 decrescet
334 1391 467 1453 namque
481 1369 514 1431 in
529 1368 639 1432 eadam
652 1369 773 1432 ratione
787 1368 894 1455 inqua
907 1367 1102 1452 profunditas
1111 1369 1231 1433 crescit.
1261 1369 1342 1433 Cum
1353 1370 1452 1455 igitur

163 1476 303 1540 celeritas
324 1476 428 1551 maris,
451 1497 522 1560 quae
547 1475 620 1539 antri
640 1476 674 1539 in
689 1499 723 1541 se
738 1488 876 1561 spectato
888 1478 1016 1541 inventa
1030 1490 1077 1541 est
1091 1480 1210 1541 oosinui
1232 1478 1320 1563 dupli
1343 1476 1450 1566 anguli

165 1584 207 1650 M
224 1585 253 1648 C
269 1586 300 1649 A
313 1583 567 1668 proportionalis,
583 1584 622 1648 ed
636 1585 692 1649 fiat
706 1585 819 1662 minor,
842 1607 906 1670 quo
920 1585 1068 1668 majorem
1082 1606 1169 1649 mare
1183 1584 1298 1649 habeat
1319 1585 1450 1671 protim-

58 1693 61 1698 ’
163 1680 304 1771 ditatam,
332 1694 452 1758 tenebit
481 1716 519 1755 ea
548 1693 581 1755 iu
610 1715 734 1779 quoque
758 1692 829 1756 loco
853 1694 1005 1757 rationem
1030 1692 1231 1777 compositam
1259 1716 1299 1756 ex
1328 1694 1449 1757 ratione

162 1801 282 1867 directa
297 1801 422 1865 cosinfrs
437 1800 526 1883 dupli
539 1801 646 1887 anguli
661 1800 702 1865 M
714 1801 742 1865 C
755 1802 785 1865 A
800 1813 894 1887 atque
907 1822 947 1865 ex
962 1800 1084 1865 inversi
1100 1802 1330 1885 profunditatis.

211 1912 236 1989 ᾗ.
253 1916 304 1972 95.
328 1906 434 1971 Datur
447 1918 552 1971 autem
565 1906 644 1969 alius
658 1905 771 1969 modus
786 1906 975 1971 celeritatem
989 1906 1083 1971 maris
1098 1906 1332 1985 horizontalem
1347 1906 1449 1990 positai

163 2013 290 2091 scilieet,
307 2012 423 2098 ubique
444 2012 655 2096 profunditate
670 2010 791 2088 eadem,
806 2010 1045 2089 determinandi,
1069 2014 1123 2097 qui
1137 2024 1240 2077 manen
1255 2012 1296 2077 ad
1310 2012 1450 2079 diversas
1560 2026 1562 2033 ’

161 2120 388 2205 profunditates
409 2133 505 2205 patet,
529 2120 555 2183 si
576 2142 648 2185 cum
669 2121 789 2183 ratione
810 2119 995 2184 inveniendi
1011 2121 1238 2206 conjungamus
1253 2122 1449 2205 reciprocum

162 2228 413 2312 profunditatum
427 2229 473 2292 uti
486 2227 615 2291 fecimus
623 2251 633 2304 3
655 2227 882 2313 deduciturque
896 2226 948 2291 hic
962 2228 1074 2291 modus
1090 2250 1129 2292 ex
1144 2240 1231 2293 motu
1246 2231 1340 2293 maris
1355 2230 1450 2297 verti·
1538 2239 1541 2247 '

161 2338 232 2415 cai,
260 2360 323 2423 quo
345 2336 444 2401 modb
469 2335 609 2401 ascendit
632 2334 728 2399 modb
753 2334 924 2411 descendit,
948 2336 1002 2421 qui
1018 2337 1084 2421 jam
1106 2336 1201 2420 supra
1223 2351 1269 2401 est
1290 2337 1449 2405 delinitus.

169 2447 279 2513 Primii
305 2449 388 2512 enim
412 2445 611 2510 manifestum
636 2456 692 2521 est,
720 2444 746 2506 si
769 2465 856 2507 mare
870 2442 985 2529 ubique
1008 2441 1117 2507 aridem
1142 2442 1308 2521 celeritate,
1335 2446 1449 2529 (positi

164 2555 378 2642 profrmditate
392 2554 507 2639 ubique
521 2552 648 2639 aequali)
670 2553 702 2614 in
717 2551 849 2615 eandem
864 2551 989 2637 plagam
1002 2564 1250 2634 promoveretur,
1274 2565 1340 2617 tum
1355 2554 1451 2621 etiam

166 2664 362 2730 altitudinem
383 2686 563 2727 mansuram
586 2684 652 2726 esse
673 2662 806 2726 eandem
820 2662 946 2748 ubique,
970 2684 1073 2749 neque
1087 2662 1183 2725 ullam
1197 2665 1401 2727 mutationem
1413 2664 1450 2729 in

163 2773 336 2838 elevatione
349 2795 440 2858 aquae
454 2784 593 2835 orturam
608 2794 684 2835 esse.
726 2773 771 2835 At
786 2773 812 2833 si
826 2795 908 2857 aqua
922 2784 1009 2835 motu
1023 2772 1202 2857 inaequabili
1215 2756 1448 2859 progrediatur,

163 2879 362 2943 manifestum
383 2878 489 2942 estiis
509 2878 543 2941 in
563 2877 650 2959 locis,
673 2877 728 2940 ubi
748 2877 889 2941 celeritas
911 2879 1104 2955 diminuitur,
1132 2902 1246 2965 uquam
1271 2892 1451 2967 turgescere

163 3002 258 3075 atque
284 2988 364 3052 adeo
389 2987 503 3051 elevari
529 2984 653 3061 debere,
680 2985 828 3069 quoniam
856 2986 927 3071 plus
953 3009 1044 3072 aquae
1069 2986 1169 3051 affluit
1193 2987 1288 3072 quam
1316 2986 1450 3065 defluit3

164 3092 275 3157 contri
296 3092 371 3158 verb
393 3093 449 3157 ubi
471 3092 611 3155 celeritas
633 3111 723 3175 aquae
745 3105 873 3169 crescat,
900 3092 943 3157 ibi
964 3116 1077 3179 aquam
1106 3093 1267 3159 subsidere
1292 3106 1449 3179 oportere.

163 3199 273 3275 Quare
294 3197 368 3263 crim
390 3197 521 3261 elevatio
542 3208 574 3259 et
594 3195 753 3280 depressio
774 3199 869 3261 maris
883 3220 903 3262 a
916 3198 1020 3263 motus
1033 3201 1224 3287 progressivi
1245 3200 1449 3267 horizontalis

160 3305 372 3391 inequalitata
385 3295 529 3388 peirdeat,
546 3301 652 3365 licebit
665 3324 724 3385 pro
739 3304 848 3388 quovis
862 3304 933 3369 loco
946 3306 1027 3369 hanc
1046 3307 1290 3393 inequalitatem
1303 3307 1448 3389 definire,

162 3434 204 3476 ex
225 3422 313 3474 motu
341 3408 489 3475 ascensus
510 3420 542 3471 et
562 3407 729 3473 descensus
750 3410 887 3494 cognito.
944 3410 1025 3475 Crlm
1047 3414 1128 3476 enim
1145 3414 1286 3477 celeritas
1301 3414 1462 3485 ascensils.

162 3519 204 3582 sit
224 3516 423 3582 decremento
445 3516 608 3581 celeritatis
629 3518 836 3602 progressivae
858 3517 996 3602 aequalis,
1020 3518 1160 3583 celeritas
1182 3519 1351 3585 descensus
1373 3522 1449 3587 verd

161 3623 354 3689 incremento
377 3623 542 3687 celeritatis
561 3623 777 3709 progressivae,
805 3644 845 3684 ex
867 3621 940 3685 dato
965 3635 1052 3687 motu
1076 3624 1212 3689 verticuli
1241 3626 1321 3689 ratio
1346 3626 1449 3693 motin

161 3730 366 3795 horizontalis
392 3728 516 3793 definiri
540 3728 665 3811 poterit.
719 3727 900 3821 Invenimus
925 3742 1029 3793 autem
1054 3728 1149 3813 supra
1172 3736 1195 3812 t.
1222 3740 1275 3808 84,
1305 3732 1331 3795 si
1357 3732 1451 3799 Luna

162 3837 367 3902 ameridiano
392 3835 500 3900 versus
524 3856 670 3899 occasum
690 3836 757 3920 jam
775 3836 902 3900 recessit
919 3838 1034 3924 angulo
1056 3860 1083 3916 z,
1106 3838 1167 3906 hoc
1188 3850 1235 3901 est
1264 3838 1336 3905 crim
1352 3842 1450 3927 ‚regia

161 3945 325 4029 proposita
348 3943 390 4007 ab
415 3942 462 4018 eri,
489 3942 522 4003 in
547 3939 607 4027 quii
633 3964 714 4026 aqua
738 3953 784 4006 est
809 3964 939 4019 summa,
968 3940 1074 4009 versus
1100 3944 1251 4010 orientem
1277 3944 1450 4014 secuudum

161 4051 392 4140 longitudinem
418 4050 513 4113 distet
536 4048 653 4137 angulo
678 4072 705 4125 z,
735 4049 803 4113 fore
827 4050 1015 4115 celeritatem
1041 4051 1102 4136 qut
1130 4076 1211 4137 aqua
1240 4052 1379 4117 ascendit
1412 4078 1445 4115 =

161 4159 420 4249 -egquQ
445 4159 631 4247 sinz-3
674 4154 719 4241 ρ2
761 4155 915 4235 ²sin.2z

161 4242 538 4347 W
659 4258 724 4341 htl
738 4259 860 4345 -⁸s)

161 4366 307 4432 memiana
336 4366 570 4451 proportionale
594 4365 636 4429 sit
659 4362 893 4431 decrementum
922 4369 1026 4435 motirs
1054 4370 1264 4448 horizontaliS,
1295 4372 1355 4435 erit
1383 4372 1453 4455 ipsa

161 4513 303 4577 celeritas
322 4510 524 4577 horizontalis
538 4510 647 4577 versus
660 4532 805 4579 occasum
820 4524 856 4576 ut
868 4474 1391 4638 Q
1412 4521 1446 4589 ψ

916 4242 925 4261 .
984 4198 1092 4273 Quare
1113 4197 1185 4289 crim
1206 4198 1280 4263 huic
1302 4198 1451 4263 celeritati
