3384 5459
276 386 339 445 ³00
524 374 793 453 INQUISITIO
815 375 1028 443 PHYSICA,
1047 376 1098 443 IN
1122 375 1318 447 CAUSAM

271 554 399 633 indicat,
417 554 442 618 si
457 576 548 640 aquae
561 554 741 641 superficies
756 576 853 640 supra
868 554 896 619 C
914 556 980 640 jam
995 552 1036 617 sit
1048 550 1176 629 elevata,
1191 552 1259 615 tuin
1273 549 1337 615 vim
1352 546 1422 613 fieri
1443 547 1561 635 negab'·
1665 566 1667 645 l

272 684 353 740 vam,
377 663 518 750 adcdque
540 686 652 751 nquam
668 664 856 750 deprimere,
901 664 1059 729 Praeterea
1073 662 1150 727 verb
1162 660 1276 726 eadem
1289 656 1472 747 hypothesis
1486 678 1560 721 con·

271 770 414 834 firmamr
434 771 576 855 pluribus
597 771 813 856 phaenomenis
833 793 925 858 aquoe
942 772 1046 837 nisum
1059 770 1307 858 respicientibus,
1330 768 1374 833 ita
1388 778 1424 833 ut
1438 768 1479 833 de
1493 768 1558 854 ejus

271 880 399 945 veritate
414 879 549 965 amplitis
563 881 685 946 nullum
699 882 829 948 dubium
845 883 989 969 supersit.

315 992 338 1067 §·
351 994 403 1053 76.
421 986 579 1051 Ponamus
589 990 656 1073 jam
670 1011 783 1075 aquam
795 990 830 1052 in
845 988 886 1053 M
901 989 1099 1053 constitutam
1114 988 1219 1076 urgeri
1233 1010 1253 1051 a
1263 985 1328 1052 sold
1345 984 1448 1063 Luni,
1465 996 1556 1069 atque

269 1103 306 1157 nt
320 1091 456 1156 calculus
471 1114 576 1177 perse
590 1095 739 1160 molestus
751 1096 856 1161 miuus
869 1094 985 1161 habeat
999 1094 1198 1174 difficultatis,
1214 1096 1255 1161 sit
1267 1094 1354 1159 locus
1372 1092 1473 1159 Csub
1488 1094 1556 1179 ipso

264 2352 423 2426 oeqnatnre
444 2342 530 2419 sitta,
554 2342 718 2429 Lunaeque
731 2341 898 2408 declinatio
912 2342 1008 2421 nulla,
1032 2366 1072 2407 ex
1086 2364 1150 2430 quo
1165 2342 1259 2407 Luna
1272 2342 1304 2405 in
1319 2342 1436 2406 circulo
1450 2342 1547 2405 maxi·
1665 2288 1667 2313 ⁴

262 2471 317 2515 mo
330 2472 389 2536 per
400 2452 463 2515 loci
477 2452 582 2517 zenith
596 2464 776 2517 transeunte
790 2466 948 2539 oequatore
959 2452 1076 2517 scilicet
1087 2452 1334 2516 circumferetur:
1350 2452 1391 2515 sit
1403 2451 1472 2516 EG
1479 2450 1505 2515 F
1512 2448 1547 2514 H

262 2560 334 2624 iste*
343 2561 492 2640 circulus,
511 2564 599 2648 cujus
621 2562 727 2627 radius
748 2576 884 2648 ponamr
897 2553 978 2641 =⁶1,
993 2576 1086 2649 atque
1103 2562 1132 2627 E
1149 2564 1392 2648 Frepraesentet
1406 2562 1545 2625 horizon·

262 2678 336 2745 tem,
359 2680 392 2732 ct
407 2669 439 2733 G
453 2667 567 2733 zenith.
615 2669 729 2734 Positis
746 2669 805 2747 his,
828 2671 869 2734 sit
885 2670 978 2734 Luna
992 2672 1025 2733 in
1042 2670 1073 2735 T
1087 2670 1164 2735 dum
1177 2672 1272 2735 maris
1288 2670 1466 2755 superficies
1480 2691 1544 2733 ver·
1665 2730 1666 2753 ἦ

262 2791 347 2843 satur
360 2778 395 2841 in
410 2778 460 2857 M,
483 2780 528 2843 ita
543 2792 578 2843 nt
593 2780 622 2843 P
637 2778 716 2847 T.=
729 2802 751 2866 y
765 2780 921 2865 exprimat
934 2780 1037 2844 sinum
1052 2780 1224 2845 altitudinis
1241 2778 1342 2845 Lunae
1356 2801 1450 2863 super
1464 2778 1546 2843 beri·

263 2935 373 2998 nonte3
398 2922 481 2988 unde
497 2925 541 2987 via
557 2924 660 2989 Lunae
675 2948 761 2990 mere
776 2928 923 2993 attollens
938 2930 997 2992 erit
1015 2956 1050 2982 =
1072 2890 1310 2989 Issffl
1321 2966 1356 2993 =
1373 2898 1543 3051 mg,

1155 2988 1229 3053 sb³

262 3141 366 3227 posito
379 3141 540 3208 brevitatis
552 3143 652 3231 gratii
667 3145 688 3205 h
703 3166 763 3229 pro
774 3100 868 3210 Q.
916 3146 1012 3211 Hanc
1026 3149 1068 3212 ob
1083 3168 1150 3211 rem
1164 3166 1240 3231 ergo
1255 3142 1435 3227 superficies
1456 3142 1567 3219 maris,

804 3204 834 3267 L

261 3355 295 3419 in
310 3355 350 3421 M
365 3354 484 3442 duplici
497 3356 528 3419 vi
543 3358 710 3436 aeonem,
734 3358 851 3423 eunt
865 3359 896 3423 vi
908 3390 944 3421 2.
958 3337 995 3414 ,Ξ
1018 3368 1051 3435 4
1072 3324 1121 3399 δῖ
1129 3334 1202 3475 γὴ·-
1215 3319 1244 3421 ¹.
1300 3354 1398 3432 Quas
1423 3355 1450 3420 st
1474 3376 1545 3443 ergo

260 3544 415 3607 ponamus
430 3544 542 3609 aquam
556 3523 590 3585 in
606 3522 646 3587 M
656 3524 723 3607 jam
738 3523 855 3589 habere
868 3440 990 3591 motuni
1000 3544 1123 3589 sursum
1134 3466 1297 3597 direbum,
1311 3520 1398 3605 cujus
1409 3518 1546 3585 celeritas
1663 3530 1664 3533 ’

260 3639 347 3693 tanta
369 3628 409 3693 sit
430 3643 546 3715 quanta
566 3630 737 3717 acquiritur
757 3630 848 3715 lapsu
867 3634 971 3720 gravis
994 3654 1034 3696 ex
1055 3628 1218 3694 altitudine
1243 3648 1273 3705 v,
1300 3640 1393 3713 atque
1415 3629 1545 3713 spatium

262 3738 303 3805 M
317 3761 349 3803 m
363 3766 398 3794 =
418 3776 458 3789 -
472 3739 494 3803 d
508 3762 523 3803 s
543 3740 738 3824 tempusculo
752 3740 874 3806 infinite
888 3764 987 3829 parvo
1001 3738 1188 3815 absolvetur,
1210 3736 1377 3801 habebitur
1390 3758 1450 3821 per
1463 3736 1547 3823 prin·
1662 3794 1663 3835 ἰ

261 3894 343 3980 cipia
357 3891 461 3957 motin
474 3892 572 3957 dv=
583 3892 659 3957 —d
673 3916 688 3957 s
701 3870 768 4004 (ἶ
786 3901 819 3968 -1-
841 3858 1060 4013 ἶῖ-ἶῇ-Ξ).
1117 3891 1276 3956 Ponamus
1304 3887 1402 3975 porrb
1427 3901 1547 3975 tempus

262 4062 303 4125 ab
327 4074 400 4127 ortu
422 4061 525 4126 Lunoe
545 4061 579 4124 in
601 4060 630 4125 E
647 4062 714 4146 jarn
733 3974 885 4145 {lapsana
909 4058 995 4145 quod
1016 4060 1102 4124 arcui
1126 4058 1155 4123 E
1176 4058 1209 4123 T
1234 4068 1282 4123 cst
1306 4055 1547 4142 propos-timia,

261 4192 329 4233 esse
350 4200 385 4228 ·-.
406 4194 433 4248 z,
459 4192 530 4258 quae
551 4169 654 4233 littera
673 4170 777 4253 ipsum
799 4189 907 4232 arcum
930 4162 1007 4231 ET
1028 4166 1119 4231 simul
1141 4164 1279 4241 denotet,
1301 4164 1361 4229 erit
1374 4186 1395 4249 y
1409 4192 1445 4221 π
1460 4163 1548 4229 sira-z

262 4276 380 4343 scilicet
393 4279 474 4342 sinui
489 4301 579 4343 arcus
601 4300 627 4356 z,
651 4278 714 4343 hoc
727 4278 812 4341 enim
826 4277 923 4342 modo
937 4279 1023 4341 sinus
1037 4298 1074 4341 sc
1088 4277 1213 4341 cosinus
1228 4296 1360 4339 arcuum
1374 4296 1482 4338 sumus
1495 4272 1549 4337 in·

262 4386 413 4452 dicaturi:
435 4386 1057 4472 undeorieturl-tyy=cos.22,
1080 4385 1517 4469 atquesyy-le-l-

259 4546 628 4635 {mtnhincqnedv
644 4567 676 4603 =
691 4546 789 4611 —ds
816 4508 886 4686 (ἑ-
905 4550 937 4617 -t-
957 4502 1079 4661 Ξ-ῙῊ-
1093 4502 1159 4659 {ab
1173 4560 1236 4602 cos.
1252 4545 1272 4601 2
1288 4514 1341 4647 a).

308 4723 334 4801 t.
352 4714 404 4785 772
428 4710 512 4781 cnm
526 4710 623 4797 igitur
637 4708 824 4772 elementum
840 4705 990 4789 temporis
1005 4704 1045 4770 sit
1057 4732 1093 4761 e
1109 4704 1131 4769 d
1145 4725 1172 4783 z,
1195 4702 1254 4768 erit
1272 4723 1313 4767 ex
1326 4696 1437 4767 naturd
1452 4694 1553 4763 modis
