3384 5459
475 429 665 499 FLUXUS
687 435 750 499 Ac
773 435 1028 501 REFLUXUS
1051 435 1211 501 MARIS.
1420 380 1495 503 249.

165 672 174 699 x
197 596 303 663 monis
317 600 477 692 vertiginis
498 613 531 665 et
551 602 702 688 periodici
722 616 833 669 testum
849 606 942 669 maris
955 605 1111 688 proficisci
1127 618 1174 673 est
1188 606 1365 684 arbitratus,
1388 606 1482 693 qurlm

195 732 238 775 ex
260 722 347 774 motu
362 734 549 797 quoeunque
569 714 767 800 progressive
781 715 846 779 sive
866 714 1026 781 rectilineo
1040 716 1104 783 sire
1119 714 1297 793 currilineo,
1321 717 1348 779 si
1369 716 1481 783 mcum

194 830 282 881 motu
298 819 448 881 rotatorio
461 819 665 883 combinetur.

237 929 261 1005 l.
277 932 308 987 4.
331 922 521 1009 Quanquam
534 938 638 991 eutem
652 937 756 990 motus
771 926 882 990 Terrae
896 926 1073 1010 periodicus
1087 925 1170 989 circe
1185 924 1292 991 Solem
1306 947 1377 989 cum
1391 938 1479 991 motu

192 1032 346 1097 rotatorio
358 1033 442 1097 circe
456 1056 548 1099 axem
561 1037 745 1119 conjunctus
760 1034 881 1098 nullum
897 1036 929 1097 in
943 1036 1022 1100 meri
1037 1049 1156 1099 motum
1171 1034 1365 1118 reciprocum
1382 1058 1478 1123 gene·

192 1159 264 1205 rere
283 1138 375 1215 velet,
397 1150 501 1206 temen
520 1162 616 1218 mere,
639 1141 725 1225 quod
745 1142 772 1205 si
792 1151 896 1205 motus
918 1154 998 1204 esset
1018 1141 1179 1226 requebilis
1200 1142 1233 1203 in
1256 1140 1420 1219 directum,
1443 1144 1477 1207 in

192 1248 298 1332 quiete
317 1249 505 1331 persisteret,
528 1246 722 1334 aliquantum
742 1249 862 1312 turbari
883 1248 1018 1311 debebit.
1064 1246 1161 1322 Quod
1182 1248 1208 1309 si
1230 1259 1333 1311 sutem
1352 1247 1393 1313 sd
1412 1250 1476 1317 vim

190 1354 252 1440 quir
277 1354 379 1419 Terre
397 1354 431 1420 in
452 1354 553 1420 orbiti
576 1352 632 1419 rut
654 1356 830 1419 continetur
844 1354 1049 1430 attendemus,
1073 1375 1136 1419 non
1151 1353 1475 1431 difficultermutetio-

188 1485 273 1540 nem,
296 1484 390 1549 quem
410 1484 497 1529 mere
513 1463 556 1528 nb
568 1484 606 1529 ee
624 1464 768 1548 potietur,
790 1464 936 1551 colligere
955 1464 1135 1547 poterimus.
1181 1462 1265 1532 Num
1280 1462 1352 1532 crim
1365 1468 1474 1549 partes

190 1573 302 1637 Terrae
323 1596 342 1637 a
366 1572 439 1637 Sole
460 1572 641 1637 remotiores
662 1574 777 1638 minori
798 1574 839 1651 vi,
861 1575 1023 1659 propiores
1038 1572 1112 1639 verb
1126 1574 1236 1659 majori
1257 1574 1473 1653 sollicitentur,

187 1682 252 1746 illm
265 1681 307 1747 nd
321 1684 420 1766 majus
435 1692 558 1764 tempus
571 1681 776 1764 periodicum,
790 1681 842 1745 bre
860 1681 934 1745 verb
948 1682 989 1747 ad
1003 1684 1105 1749 minus
1120 1682 1344 1751 absolvendum
1357 1706 1473 1771 cogen-

187 1801 250 1867 tur,
273 1810 314 1853 ex
335 1810 399 1873 quo
418 1788 559 1871 pertibus
582 1785 691 1851 Terroe
712 1787 826 1864 fluidis,
849 1789 972 1873 utpote
986 1790 1162 1868 mobilibus,
1178 1803 1282 1855 motus
1297 1792 1337 1855 ab
1352 1792 1473 1857 oriente

186 1894 294 1963 vereris
314 1897 508 1961 occidentem
529 1895 701 1963 seeundum
717 1898 890 1982 eclipticam
912 1898 1086 1979 inducetur,
1108 1900 1250 1987 hancque
1272 1924 1379 1967 veram
1403 1924 1472 1969 esse

186 2026 313 2069 ccussm
334 2004 478 2068 existino
499 2026 537 2068 sc
556 2005 748 2090 precipuum
761 2027 819 2069 cur
835 2018 900 2071 tum
915 2028 1049 2071 ooeenus
1064 2005 1157 2093 quim
1171 2011 1225 2071 υἱέι·
1241 2008 1300 2073 sub
1313 2024 1473 2095 aequetore
1534 2092 1539 2101 Ι

184 2115 338 2201 perpetuo
358 2116 472 2181 habeut
491 2118 613 2183 fluxum
635 2118 677 2182 sb
695 2130 768 2183 ortu
786 2116 896 2183 versrls
909 2138 1064 2183 occasum.
1110 2116 1241 2184 Possem
1255 2118 1347 2183 etiem
1363 2140 1403 2183 ex
1418 2142 1472 2183 eo-

184 2226 257 2290 dem
270 2226 426 2311 prineipio
439 2226 523 2290 clare
536 2226 702 2291 ostendere
715 2238 781 2291 tem
794 2226 901 2303 maris,
924 2226 951 2289 si
972 2224 1100 2291 omninb
1116 2224 1250 2289 liberum
1264 2237 1353 2303 esset,
1378 2224 1471 2311 quim

186 2336 268 2399 seris
296 2336 483 2399 celeritatem
512 2348 630 2401 tenum
658 2336 736 2414 fore,
773 2336 834 2422 qud
862 2349 1002 2421 tempore
1031 2336 1290 2423 viginti-quatuor
1319 2336 1474 2401 horarum

187 2442 321 2527 spetimn
343 2443 465 2507 circiter
485 2443 597 2529 viginti
616 2444 771 2530 graduum
793 2444 990 2519 absolveturr
1013 2444 1068 2507 scd
1084 2442 1155 2508 erim
1171 2444 1240 2507 haec
1255 2444 1414 2528 inquisitio
1429 2444 1474 2511 ud,

183 2560 369 2635 presentem
392 2551 596 2635 questionem
620 2549 749 2636 proprie
768 2572 835 2617 non
861 2552 1024 2635 pertinent,
1045 2563 1138 2636 utque
1162 2548 1282 2634 inclyte
1300 2549 1472 2617 Accdemin

181 2660 312 2724 sortasse
334 2662 393 2725 oliti
417 2663 579 2726 occasione
593 2664 779 2748 questiones
793 2659 858 2727 hirc
873 2673 1047 2745 spectantes
1061 2661 1101 2725 sit
1114 2659 1323 2744 propositum,
1346 2658 1470 2723 uberio-

182 2789 250 2831 rem
271 2759 511 2853 explicationem
531 2769 623 2853 hujos
644 2770 774 2856 insignis
795 2768 996 2853 phoenomeni
1017 2766 1055 2833 eb
1070 2788 1168 2851 usque
1184 2764 1388 2845 differendum
1402 2787 1473 2831 ecee

182 2896 361 2951 censemus3
383 2874 445 2940 hoc
460 2876 586 2962 quidem
600 2888 741 2959 tempore
754 2873 876 2939 tuntdm
890 2874 1043 2939 indicasse
1058 2872 1205 2949 contenti,
1221 2882 1341 2937 motum
1357 2870 1471 2939 Terre

180 2981 373 3063 periodicum
388 2984 577 3068 conjunctim
593 3006 665 3049 eum
679 2995 767 3047 motu
781 2982 895 3047 diurno
909 2983 988 3046 mnri
1003 2993 1123 3047 motum
1137 2980 1272 3066 aliquem
1286 2980 1466 3064 imprimere

181 3109 283 3171 posse,
299 3090 355 3153 sed
368 3092 550 3176 nentiquam
563 3104 684 3155 motum
697 3091 902 3174 reciprocum,
925 3092 972 3155 uti
988 3089 1129 3157 Galileus
1143 3100 1191 3155 est
1205 3088 1381 3155 arbitratus.

223 3204 248 3279 §-
264 3207 294 3263 5.
320 3200 378 3263 Uti
402 3199 436 3263 in
457 3200 601 3263 omnibus
615 3200 744 3263 omnino
758 3200 982 3286 questionibm
1004 3198 1140 3286 physicis
1154 3196 1254 3263 multb
1270 3198 1390 3263 lucilius
1408 3208 1465 3275 est,

180 3325 251 3388 quae
272 3326 337 3368 nou
360 3307 400 3369 sit
421 3328 514 3369 censs
534 3306 735 3391 phoenomeni
756 3307 929 3391 cujuqrinm
951 3306 1056 3382 oblati,
1080 3303 1174 3391 quim
1196 3326 1267 3390 quse
1288 3304 1337 3381 sit,
1360 3316 1465 3371 osten-

180 3408 276 3483 dere3
296 3409 446 3473 irretitum
460 3428 600 3495 proesens
614 3413 745 3498 quoestio
758 3412 800 3475 de
812 3413 903 3477 fluxu
916 3432 953 3475 ee
967 3411 1091 3475 refluxu
1104 3412 1199 3475 meris
1213 3422 1261 3473 est
1274 3421 1464 3493 comparate,

179 3528 302 3580 utnon
322 3516 487 3582 difficulter
508 3542 614 3583 censes
628 3519 708 3583 falso
729 3519 900 3605 congruus
921 3518 1075 3602 possimus
1096 3514 1248 3581 refellere.
1293 3515 1343 3581 Ac
1363 3512 1466 3598 primd

178 3627 304 3713 quidem
318 3641 391 3712 post
405 3650 542 3694 eversam
559 3630 674 3695 Gelilei
687 3631 882 3707 sententium,
895 3628 1061 3713 explicatio
1071 3627 1165 3691 tostius
1176 3626 1269 3691 meris
1283 3625 1465 3690 Cnrtesisne

177 3738 330 3821 pressiori
353 3739 456 3803 Lunae
480 3742 589 3804 innixe
613 3752 661 3804 tot
686 3741 841 3827 tenusque
865 3741 987 3805 loborat
1010 3738 1254 3815 difficmntibus,
1279 3749 1315 3801 ut
1334 3734 1465 3801 omnino

178 3844 345 3911 subsistere
364 3822 508 3934 nequent.
540 3847 768 3937 „Proeterqmm
788 3849 875 3913 enim
895 3848 980 3935 qubd
1002 3848 1177 3913 istiusmodi
1198 3846 1319 3931 pressio
1338 3844 1476 3919 aliunde,

176 3954 303 4036 probcri
317 3969 460 4041 nequent,
481 3970 576 4042 utque
590 3958 631 4021 sd
644 3956 707 4021 boc
720 3958 822 4022 solum
835 3957 1074 4042 .phoeuomenon
1090 3956 1311 4041 explicandum
1326 3952 1464 4042 ςτιῐιιίῑὸ

177 4076 363 4140 assumatur,
386 4064 654 4131 observationibus
676 4067 769 4131 etiem
788 4066 917 4131 minime
940 4067 1095 4133 sutisbcit.
1142 4068 1181 4130 ln
1201 4078 1309 4151 operto
1329 4066 1412 4129 eninr
1426 4086 1465 4129 cc

174 4168 276 4234 libero
297 4192 416 4235 oceano
436 4194 550 4258 equum
563 4195 640 4237 mox
660 4190 733 4257 post
746 4173 911 4238 censitum
933 4175 1034 4238 Lunse
1055 4195 1113 4258 per
1127 4172 1334 4237 meridianum
1350 4172 1464 4237 elevari

175 4278 385 4357 observemus,
407 4280 480 4344 crim
502 4281 675 4347 secunddm
690 4283 824 4347 Certesii
846 4284 1031 4346 sententium
1046 4282 1157 4345 eodem
1172 4294 1314 4365 tempore
1327 4280 1463 4365 deprimi

174 4376 322 4463 delieret3
344 4408 447 4473 neque
467 4387 620 4473 praetereti
640 4388 703 4452 hoc
722 4388 819 4452 modo
833 4389 906 4453 setis
922 4386 1066 4452 distincte
1079 4387 1265 4471 explicetur,
1288 4409 1345 4451 cur
1367 4387 1461 4449 Luna

174 4495 233 4557 sub
248 4496 347 4560 Termi
370 4498 468 4563 latens
482 4500 619 4563 eundem
632 4499 697 4563 fere
711 4498 856 4563 effectum
870 4510 986 4573 exerat,
1011 4520 1048 4561 sc
1062 4498 1086 4560 si
1106 4516 1200 4581 super
1214 4495 1376 4560 horizonte
1391 4514 1462 4557 ver-

173 4619 269 4670 setur.
314 4607 441 4670 Deinde
462 4607 523 4669 boc
544 4606 627 4670 idem
649 4607 809 4694 negotium
829 4626 894 4667 non
914 4604 1045 4669 feliciori
1067 4626 1209 4668 successu
1233 4612 1462 4690 aggressusest

174 4714 350 4784 Wallislus,
366 4736 492 4779 rsusnm
506 4715 539 4778 in
550 4716 708 4780 communi
722 4726 830 4781 centro
843 4712 1004 4799 grovitntis
1019 4712 1132 4778 Terrte
1145 4724 1177 4777 et
1192 4712 1294 4777 Lucre
1305 4726 1459 4794 quoereus,
