3384 5459
245 402 308 463 ssa
495 400 762 477 moursrrro
785 402 991 468 rursum
1013 402 1064 469 ru
1088 401 1283 468 clusam
1334 388 1338 395 '

242 568 336 653 hujus
352 570 476 657 generis
496 570 727 656 phoenomanon
742 571 834 635 fuerit
855 573 1060 657 propositum,
1083 570 1143 637 alia
1158 592 1251 635 causa
1265 570 1445 657 investigari
1465 591 1531 635 non

242 690 357 762 potest,
373 680 434 743 nisi
447 702 517 765 quse
531 704 551 744 e
564 682 719 766 principio
734 682 809 747 tales
823 694 927 745 motus
942 679 1160 765 procreaverit

284 795 309 871 ᾗ.
325 796 355 853 2.
380 789 487 874 Hujus
501 789 624 877 generis
639 789 720 853 foret
734 790 875 875 quaestio,
898 790 924 852 si
938 801 1130 875 quaereretur
1144 810 1237 853 causa
1250 784 1354 851 motris
1368 776 1530 873 vertiginis

240 894 437 979 planetarum
458 920 496 962 ac
522 898 621 973 Solis3
651 897 703 961 hic
725 899 810 961 enim
831 897 988 962 sufficeret
1009 918 1078 960 eam
1100 916 1226 960 causam
1246 894 1429 979 assignasse,
1456 916 1529 979 quse

238 1002 328 1066 initio
348 1004 407 1067 hos
428 1017 532 1069 motus
552 1005 761 1089 produxisset,
786 1003 859 1069 crim
882 1004 937 1069 Sol
959 1002 1048 1089 aeque
1069 1024 1106 1067 ac
1127 1002 1263 1086 planetae
1286 1001 1380 1065 talem
1406 1014 1529 1065 motum

240 1112 336 1174 semel
356 1114 516 1177 consecuti
538 1113 672 1177 eundem
693 1112 820 1198 proprii
842 1114 874 1177 vi
895 1110 1048 1199 perpetuo
1063 1133 1245 1175 conservare
1259 1110 1402 1189 debeant,
1424 1133 1528 1197 neque

239 1216 281 1280 ad
295 1216 356 1280 hoc
369 1217 601 1301 phoenomenon
617 1220 837 1305 explicandum
852 1221 899 1283 vis
914 1220 978 1288 ulle
995 1232 1125 1285 externa
1138 1218 1230 1282 etiarn
1245 1238 1329 1281 nuno
1344 1217 1460 1281 durans
1475 1240 1527 1283 re-

237 1322 387 1407 quiratnr.
432 1324 544 1413 Longe
565 1327 654 1391 aliter
668 1350 702 1392 se
716 1350 766 1392 res
780 1328 885 1405 habet,
909 1330 936 1391 si
957 1340 1060 1391 motus
1081 1338 1276 1412 proponetur
1289 1348 1390 1411 neque
1405 1325 1526 1390 unifor-

236 1430 305 1507 mis,
333 1451 435 1516 neque
460 1430 492 1494 iu
522 1431 675 1497 directum
704 1434 889 1518 procedens,
921 1432 1095 1518 cujusmodi
1119 1444 1167 1497 est
1195 1444 1299 1495 motus
1327 1430 1526 1515 planetarum

234 1536 412 1625 periodicas
427 1540 509 1604 circe
525 1542 650 1607 Solem:
672 1542 734 1607 hoc
751 1544 835 1608 enim
851 1566 925 1608 casn
944 1541 1070 1607 minime
1085 1542 1198 1607 sufficit
1210 1566 1248 1607 ea
1262 1542 1319 1621 via,
1342 1564 1413 1628 quae
1434 1542 1524 1605 Initio

234 1648 374 1732 planetas
399 1650 440 1713 ad
460 1652 636 1717 istiusmodi
656 1666 760 1719 motus
781 1654 949 1739 impulerit,
973 1653 1029 1719 scd
1049 1653 1202 1739 perpetuo
1223 1676 1314 1719 novoe
1335 1656 1448 1719 virium
1470 1676 1524 1719 ac·

234 1757 335 1821 tiones
356 1759 566 1844 requiruntur,
589 1784 610 1825 a
624 1762 736 1847 quibus
751 1774 816 1825 tam
830 1762 971 1826 celeritas
986 1759 1079 1847 qualm
1094 1760 1224 1833 directio
1239 1759 1386 1825 continud
1407 1761 1522 1825 immu-

233 1874 332 1928 teturz
369 1887 440 1949 qnae
461 1866 552 1944 vires,
579 1866 674 1953 quam
696 1866 833 1952 primdm
855 1882 1020 1954 cessprent,
1037 1866 1140 1931 subito
1154 1868 1288 1951 planetoe
1310 1868 1427 1931 orbitas
1448 1890 1521 1931 suas

233 1971 423 2051 desererent,
446 1988 539 2060 atque
560 1976 595 2038 in
609 1976 762 2041 directum
776 1988 865 2041 motu
878 1975 1024 2061 aequabili
1045 1975 1212 2039 avolarent.
1261 1973 1357 2050 Quod
1373 1976 1399 2039 si
1423 1975 1520 2061 igitur

230 2076 464 2161 phaenomenon
485 2081 695 2167 quodeunque
715 2094 837 2147 namroe
861 2095 1065 2167 proponatur,
1092 2082 1163 2145 arrtk
1189 2083 1294 2145 omnia
1317 2083 1447 2147 sollicite
1473 2095 1522 2147 est

234 2189 465 2274 inquirendum,
488 2192 529 2256 ad
551 2192 709 2277 quodnam
730 2215 830 2281 genus
845 2193 879 2257 id
891 2194 1047 2278 pertineat
1060 2204 1154 2278 atque
1168 2205 1273 2256 utrum
1288 2213 1381 2256 causa
1396 2192 1429 2253 iu
1443 2193 1518 2256 viri·

231 2298 292 2361 bus
317 2300 454 2363 externis
479 2300 520 2364 sit
544 2302 723 2389 qnoerendo,
754 2324 796 2367 an
823 2302 857 2365 in
884 2302 955 2387 ipso
980 2302 1120 2387 subjecto
1145 2299 1301 2385 corpore?
1337 2302 1519 2376 Quinetiam
1550 2331 1553 2340 ·

232 2404 448 2487 saepenumero
469 2428 528 2469 usn
549 2408 655 2472 venire
675 2422 788 2493 potest,
812 2421 849 2472 nt
872 2409 998 2474 effectus
1021 2409 1180 2494 utriusque
1205 2408 1329 2493 generis
1354 2408 1387 2471 in
1408 2408 1519 2491 eodeqr

231 2509 440 2596 phoenomeno
461 2511 596 2581 multum
617 2516 680 2579 sint
692 2516 775 2581 inter
791 2538 825 2581 sc
837 2515 986 2601 permixti
995 2538 1005 2591 ς
1028 2537 1091 2600 quo
1106 2536 1179 2579 casu
1195 2536 1316 2577 summo
1331 2514 1435 2578 studio
1455 2515 1477 2577 ii
1498 2537 1518 2577 a

232 2618 425 2684 seinvicem
449 2621 586 2685 discerni
613 2621 685 2687 ante
713 2622 882 2700 debebunt,
913 2620 1007 2708 quam
1032 2642 1194 2685 cansarum
1225 2620 1421 2706 investigatio
1450 2642 1518 2685 sns-
1566 2646 1571 2653 ·

231 2729 375 2813 cipiatur.

273 2844 298 2920 q.
315 2848 345 2902 3.
370 2838 434 2903 His
455 2838 515 2904 rite
534 2841 696 2925 perpensis
718 2838 883 2924 explicatio
906 2838 1031 2917 Galilci,
1057 2859 1150 2925 quarn
1171 2838 1205 2901 in
1226 2838 1290 2901 suis
1311 2834 1455 2923 Dialogis
1477 2836 1518 2899 de

231 2942 327 3009 AEstn
344 2944 445 3008 Maris
459 2946 618 3032 assignare
632 2958 681 3011 est
694 2961 833 3023 conatus,
849 2967 924 3009 mox
939 2945 1093 3019 concidit3
1114 2946 1234 3030 putavit
1248 2944 1331 3008 euim
1345 2944 1465 3007 fluxum
1481 2966 1518 3007 ac

230 3053 386 3117 refluxum
400 3056 495 3117 meris
509 3052 631 3119 tannim
646 3079 665 3119 a
679 3055 814 3119 motibus
829 3054 941 3118 Terrae
955 3054 1105 3119 rotatorio
1116 3055 1198 3117 circa
1208 3074 1300 3115 axem
1312 3064 1343 3115 et
1356 3052 1517 3135 periodico

232 3161 315 3227 circa
332 3163 439 3228 Solem
453 3165 537 3242 oriri,
561 3158 744 3249 neque'aliis
758 3166 876 3229 viribus
890 3164 985 3229 tribui
1003 3180 1159 3249 oportere,
1181 3164 1241 3227 nisi
1255 3180 1326 3247 qnae
1341 3162 1399 3226 hos
1414 3177 1516 3226 motus

229 3266 299 3334 tdm
312 3270 497 3356 producant,
513 3269 586 3335 crim
600 3283 791 3336 conservent.
835 3272 981 3358 Namque
996 3274 1023 3335 si
1036 3294 1188 3358 ponamus
1200 3270 1334 3335 Terram
1348 3271 1415 3334 solo
1429 3284 1516 3334 mom

230 3379 344 3443 diurno
368 3402 436 3445 esse
458 3380 634 3466 praeditam,
658 3380 716 3446 iste
740 3394 844 3447 motus
867 3404 953 3447 mare
977 3383 1066 3448 aliter
1090 3404 1155 3447 non
1176 3382 1298 3459 afficiet,
1322 3380 1382 3444 nisi
1403 3380 1437 3445 id
1458 3380 1516 3443 sub

229 3498 389 3573 aeqnatore
402 3487 583 3565 attollendo,
605 3510 646 3553 ex
660 3510 725 3574 quo
739 3488 842 3577 figure
863 3488 974 3553 Terrae
989 3488 1195 3574 sphaeroidica
1216 3510 1394 3573 compresse
1414 3486 1515 3551 nasci·

229 3609 293 3673 tur,
315 3610 419 3661 motus
441 3598 517 3661 vero
531 3600 709 3684 reciprocus
730 3598 765 3663 in
786 3598 866 3663 mari
887 3597 1014 3663 omnind
1029 3598 1133 3663 nullus
1147 3598 1221 3661 hinc
1234 3594 1377 3687 generari
1389 3594 1512 3681 poterit.

230 3700 330 3779 Quod
343 3704 371 3767 si
392 3717 496 3768 antem
512 3704 622 3769 Terrae
636 3706 764 3791 insuper
776 3718 898 3770 motum
913 3706 1099 3793 aequabilem
1117 3706 1318 3769 indirectum
1333 3704 1515 3781 tribuemus,

228 3813 336 3897 priora
351 3811 561 3898 phaenomena
573 3814 662 3878 nullo
675 3816 771 3879 modo
785 3814 968 3893 efficientur,
992 3815 1048 3881 sed
1068 3814 1196 3902 prorsrls
1211 3814 1320 3880 eadem
1335 3814 1514 3891 manebunt,

230 3918 496 4004 quemadmodum
517 3944 559 3986 ex
578 3924 739 4011 principiis
752 3924 944 3989 mechanicis
959 3925 1127 3991 clarissime
1147 3925 1282 4011 perspici
1302 3926 1384 4003 licet,
1404 3925 1517 4011 quibus

229 4041 352 4094 constat
363 4043 485 4095 motum
499 4032 687 4099 uniformem
701 4036 735 4097 in
749 4034 902 4099 directum
916 4036 1060 4099 omnibus
1075 4034 1215 4120 partibus
1230 4034 1404 4119 systematis
1415 4035 1518 4119 cnjus·

171 4199 186 4225 λ
231 4154 355 4219 cunque
379 4158 548 4222 corporum
573 4140 735 4226 equaliter
758 4141 946 4225 impressum
967 4142 1087 4205 nullam
1111 4136 1240 4203 omnino
1259 4140 1463 4205 mutationem
1484 4139 1518 4202 in

228 4253 317 4307 motu
339 4256 372 4308 et
392 4246 453 4313 situ
473 4250 610 4332 partium
629 4250 758 4315 relativo
779 4250 904 4315 inferre.
949 4251 1053 4315 Abeat
1066 4272 1151 4315 nunc
1166 4262 1269 4315 motus
1284 4251 1342 4315 iste
1356 4248 1518 4335 oeqnebilis

229 4352 341 4416 Terre
355 4353 389 4416 in
403 4354 557 4421 directum
570 4359 739 4443 impressus
754 4359 789 4421 in
799 4358 981 4423 circularem
992 4359 1041 4423 vel
1057 4358 1227 4442 ellipticum
1241 4380 1298 4443 per
1312 4359 1394 4422 vires
1405 4357 1519 4443 quibus

229 4462 332 4529 'Perre
351 4464 506 4548 perpetuo
527 4467 569 4531 ad
592 4468 698 4532 Solem
720 4481 866 4555 urgetnr3
891 4489 927 4531 ac
949 4489 988 4531 ne
1007 4466 1070 4532 hoc
1083 4466 1210 4553 quidem
1225 4489 1298 4532 casu
1313 4464 1396 4529 ullus
1414 4478 1519 4529 motus

227 4573 408 4657 reciprocus
429 4573 464 4637 in
489 4576 568 4638 mari
591 4577 723 4660 produci
749 4578 885 4662 poterit3
909 4576 993 4663 qnod
1014 4574 1086 4641 crim
1105 4598 1163 4662 per
1185 4600 1218 4641 se
1238 4590 1286 4641 est
1306 4576 1519 4661 perspicuum,

229 4678 298 4743 tim
313 4680 406 4745 etiam
427 4680 468 4747 ab
489 4682 559 4766 ipso
575 4683 699 4747 Galilco
712 4706 778 4749 non
793 4686 954 4767 statuitur:
977 4685 1043 4771 ipse
1058 4687 1141 4749 enirn
1156 4706 1221 4747 non
1236 4682 1300 4749 tdm
1315 4706 1355 4749 ex
1369 4672 1521 4748 mixtione
