3384 5459
230 424 294 483 260
477 413 744 493 INQUISITIO
766 414 973 481 PHYSIGA
995 413 1045 479 IN
1068 412 1264 480 CAUSAM

230 591 318 675 cnjus
332 589 498 673 explicatio
511 611 587 653 mox
601 590 675 653 satis
689 588 826 654 dilucidi
840 602 888 654 est
902 591 1057 654 subversa.
1104 590 1252 673 Superest
1267 589 1401 674 denique
1418 588 1515 651 New-

229 699 297 761 toni
321 698 451 775 theoria,
473 721 545 784 quaa
570 700 695 763 nemine
720 700 951 763 contradicente
979 699 1194 783 pbaenomenis
1219 696 1318 760 multi)
1341 698 1442 784 magis
1466 708 1516 759 est

230 821 455 874 consentanea:
482 823 516 873 at
532 810 565 872 in
585 832 624 873 ea
645 808 678 871 id
699 809 801 893 ipsum
823 809 908 893 quod
930 808 990 871 boc
1012 807 1082 871 loco
1104 807 1263 891 quaeritur,
1285 826 1376 869 cansa
1398 805 1516 867 scilieet

227 918 366 1003 physica,
388 941 454 982 non
475 917 865 1005 assignamr,'sedpoti1is
887 917 929 980 ad
950 916 1111 1002 qualitates
1137 915 1273 978 occultas
1299 914 1407 978 referri
1429 913 1515 977 vide-

228 1038 300 1101 tur3
321 1026 447 1089 interim
466 1038 571 1089 tamen
592 1048 634 1089 ne
654 1024 723 1087 baec
745 1024 872 1109 quidem
894 1023 1014 1087 theoria
1035 1023 1107 1087 satis
1128 1034 1176 1085 est
1189 1021 1322 1097 evoluta,
1343 1033 1379 1084 ut
1393 1020 1433 1083 de
1448 1022 1516 1105 ejus

230 1131 295 1195 sive
317 1154 471 1195 consensu
495 1132 560 1195 sire
583 1131 727 1194 dissensu
752 1152 825 1194 cum
847 1128 1113 1194 observationibus
1133 1126 1288 1211 judicium
1314 1127 1386 1190 satis
1412 1138 1516 1191 tutum

229 1236 303 1300 ferri
321 1252 423 1323 queat.

271 1352 296 1427 i.
314 1355 345 1410 6.
374 1344 457 1410 Cim
481 1344 576 1432 igitur
600 1347 730 1411 dubium
756 1347 795 1411 sit
820 1348 952 1425 nullum,
975 1346 1051 1433 quin
1071 1344 1178 1411 fluxis
1199 1368 1236 1409 ac
1256 1344 1395 1410 refluxis
1418 1344 1515 1408 maris

228 1477 324 1520 causa
343 1454 377 1516 in
398 1454 517 1517 viribus
538 1456 673 1518 externis
695 1468 726 1518 et
746 1454 882 1519 realibus
905 1455 945 1518 sit
964 1454 1075 1538 posita,
1098 1474 1169 1538 quae
1190 1453 1216 1517 si
1236 1464 1399 1531 cessarent,
1423 1450 1515 1515 simul

229 1572 323 1623 aestus
338 1560 432 1623 maris
446 1581 522 1623 mox
535 1573 742 1637 evanesceret,
765 1560 820 1623 ubi
841 1561 957 1624 lateant
976 1559 1027 1621 bae
1041 1560 1121 1622 vires
1136 1571 1168 1622 et
1182 1559 1340 1644 quomodo
1355 1560 1417 1621 sint
1430 1578 1516 1621 com-

231 1680 350 1751 paratae
369 1667 566 1751 potissimum
588 1668 678 1731 nobis
692 1669 752 1733 erit
766 1669 995 1753 explicandum,
1018 1667 1079 1731 boc
1094 1668 1177 1731 enim
1191 1680 1239 1731 est
1252 1667 1286 1730 id
1300 1668 1413 1751 ipsum,
1430 1664 1517 1752 quod

230 1778 432 1843 celeberrima
444 1778 617 1842 Academia
632 1777 838 1842 scientiarum
856 1778 959 1864 Regia
972 1778 1005 1840 in
1016 1776 1188 1863 quastione
1202 1774 1361 1860 propositi
1376 1775 1515 1860 requirit.

230 1882 344 1969 Neque
368 1881 443 1946 verb
468 1883 549 1947 vires
574 1882 792 1947 tanmmmodb
816 1884 970 1947 indicasse
999 1883 1138 1959 sufficiet,
1165 1880 1277 1946 verim
1304 1880 1456 1966 praeterei
1482 1881 1517 1945 id

228 1992 366 2057 maximis
389 1994 450 2057 erit
473 1996 719 2071 monstrandum,
742 1995 900 2080 quomodo
922 1994 988 2059 istae
1011 1995 1090 2058 vires
1112 2004 1215 2080 agant,
1238 1996 1331 2077 atque
1351 1992 1409 2056 bos
1430 1994 1516 2077 ipsos

229 2099 366 2176 effectus,
390 2122 469 2185 quos
483 2100 695 2175 observamus,
711 2121 777 2163 non
789 2100 866 2164 verb
881 2101 957 2165 alios
971 2102 1166 2185 producant3
1188 2101 1222 2161 in
1242 2099 1304 2162 hoc
1324 2100 1406 2161 enirn
1421 2098 1516 2162 totius

229 2206 409 2291 quaestionis
431 2204 536 2282 cardo,
560 2207 775 2289 explicationis
797 2207 916 2272 scilicet
940 2207 1145 2283 continuatio,
1172 2205 1312 2271 vertitur.
1358 2205 1517 2281 Quoniam

229 2324 334 2375 autem
349 2310 534 2397 plerumque
552 2312 695 2396 pluribus
708 2314 827 2377 viribus
839 2313 1056 2403 excogitandis
1075 2314 1157 2378 idem
1172 2314 1403 2399 phaenomenon
1416 2313 1516 2397 expli-

229 2424 294 2488 cari
307 2436 420 2508 potest,
436 2422 572 2488 studium
587 2423 799 2489 adhibendum
814 2438 862 2489 est
875 2446 1030 2489 summum
1049 2426 1082 2487 in
1104 2423 1163 2487 hac
1184 2422 1393 2511 indagatione,
1415 2444 1455 2485 ne
1470 2422 1510 2485 ad

227 2535 309 2598 vires
331 2534 438 2599 inanes
460 2547 553 2621 atque
577 2536 775 2622 imaginarias
797 2536 988 2615 delabantur,
1016 2558 1087 2623 quaa
1111 2537 1144 2599 in
1169 2535 1288 2600 mundo
1310 2556 1411 2620 neque
1442 2546 1517 2598 sunt

226 2662 330 2727 neque
345 2641 454 2707 -locnm
476 2642 591 2707 habere
612 2656 753 2726 possunt.
799 2643 917 2707 Parum
932 2644 1016 2708 enim
1031 2643 1166 2707 scientioe
1180 2642 1313 2706 naturali
1334 2640 1509 2717 consulunt,

228 2747 281 2835 qui
296 2749 408 2834 quovis
421 2748 629 2834 phoenomeno
643 2750 749 2815 oblato
764 2751 823 2815 sibi
837 2774 898 2836 pro
912 2752 1041 2816 arbitrio
1051 2751 1160 2815 mundi
1176 2742 1365 2814 structuram
1380 2750 1517 2834 peculia-

227 2878 295 2921 rem
313 2858 475 2945 effingnnt,
497 2880 600 2943 neque
614 2870 687 2922 sunt
701 2859 832 2935 solliciti,
856 2858 960 2924 utrdm
976 2882 1013 2924 ec
1027 2882 1193 2946 compages
1208 2882 1279 2924 oum
1294 2858 1360 2923 aliis
1380 2860 1509 2942 phaeno·

227 2966 330 3032 menis
348 2965 517 3029 consistere
538 2980 641 3049 queat,
663 2987 705 3029 an
726 2964 801 3030 verb
816 2964 915 3031 secus.
963 2965 1060 3042 Qubd
1075 2966 1198 3029 sienim
1215 2968 1282 3050 jam
1297 2964 1422 3028 aliunde
1437 2988 1515 3029 con-

227 3087 288 3135 stet
302 3072 436 3135 existere
451 3071 483 3133 in
496 3071 616 3135 mundo
630 3072 780 3157 ejusmodi
795 3073 887 3150 vires,
900 3094 971 3158 quoe
985 3073 1090 3137 oblato
1101 3072 1224 3137 effectui
1238 3070 1442 3156 producendo
1453 3072 1515 3135 sint
1575 3072 1583 3083 ’

228 3196 328 3260 pares,
346 3174 460 3239 irustni
474 3198 568 3240 omne
580 3177 718 3241 studium
732 3179 766 3240 in
777 3178 1003 3264 conquisitione
1016 3180 1126 3241 virium
1137 3198 1289 3240 novarum
1300 3176 1513 3240 collocabitur.

269 3288 294 3363 l·
311 3291 341 3350 7.
365 3282 525 3358 Quoniam
538 3298 643 3347 numm
658 3284 699 3348 ad
714 3306 839 3348 cansam
855 3285 1003 3371 cujusque
1017 3285 1216 3369 phaenomeni
1231 3284 1448 3371 detegendam,
1471 3285 1510 3348 ad

231 3389 369 3476 singalas
389 3389 637 3455 circumstantias
657 3390 768 3454 sedulb
788 3392 948 3455 attendere
970 3414 1095 3457 necesse
1116 3407 1171 3469 est,
1196 3404 1267 3455 ante
1282 3392 1388 3454 omnia
1402 3392 1513 3455 mirifi-

226 3517 297 3559 cum
323 3516 510 3560 consensum
533 3495 628 3561 oestris
654 3498 845 3562 mariscum
867 3511 956 3562 motu
982 3499 1083 3562 Lunae
1109 3498 1313 3582 contemplari
1338 3487 1518 3563 conveniet(

74 3692 79 3701 Ι
185 3594 188 3600 ’
230 3598 306 3665 Non
326 3600 429 3668 solim
449 3605 534 3668 enim
554 3606 685 3692 insignis
706 3607 871 3672 harmonia
885 3609 966 3672 inter
980 3620 1091 3672 aestrrm
1105 3608 1209 3685 maris,
1227 3631 1263 3672 ac
1279 3608 1379 3673 Lunae
1392 3622 1510 3671 motum

226 3708 374 3777 diurnum
394 3712 648 3798 deprehenditur,
671 3715 728 3779 sed
748 3716 842 3779 etiam
863 3716 1015 3780 revolutio
1038 3715 1186 3801 synodica
1200 3728 1344 3800 respectu
1360 3716 1437 3780 Solis
1458 3714 1508 3778 in·

227 3835 354 3906 gentem
375 3822 468 3891 affert
486 3824 676 3888 varietatem.
723 3825 844 3891 Omnes
866 3826 1000 3911 denique
1020 3828 1251 3892 observationes
1271 3827 1396 3891 abunde
1410 3827 1514 3893 decla·

226 3942 298 3991 rant
310 3929 463 3993 rationem
477 3930 581 3994 fluxis
603 3942 635 3993 et
655 3931 795 3995 refluxis
809 3934 905 3996 maris
920 3954 937 3995 a
953 3934 1014 3997 situ
1029 3930 1099 3997 crim
1124 3934 1226 3997 Lunae
1241 3947 1308 3997 tum
1323 3934 1415 3997 etiam
1432 3933 1514 3998 Solis

228 4034 418 4116 conjunctim
438 4036 594 4120 pendere:
621 4060 661 4101 ex
684 4061 747 4124 qno
769 4040 872 4103 statim
893 4061 994 4123 prono
1015 4042 1177 4105 ratiocinio
1200 4042 1408 4127 consequitur,
1431 4044 1513 4107 vires

226 4139 295 4203 illas
310 4154 423 4205 aestnm
435 4144 531 4207 maris
545 4144 762 4228 producentes,
779 4168 974 4232 quaecunque
988 4149 1082 4211 etiam
1096 4150 1167 4225 sint,
1185 4146 1257 4211 crim
1272 4147 1397 4211 Lunam
1416 4149 1514 4231 potis·

226 4243 350 4323 siurim,
373 4245 442 4311 trim
463 4248 538 4311 verb
553 4250 646 4313 etiam
670 4250 776 4316 Solem
790 4254 945 4335 respicere
961 4252 1083 4317 debere.
1130 4252 1346 4329 Quamobrem
1361 4251 1512 4336 imprimis

225 4353 317 4418 nobis
333 4355 394 4418 erit
406 4356 638 4441 inquirendum,
655 4372 759 4424 utrum
776 4360 928 4445 ejusmodi
943 4363 1022 4427 vires
1039 4364 1144 4427 Solem
1160 4375 1191 4426 et
1206 4363 1332 4428 Lunam
1346 4356 1513 4445 respiciin-

226 4477 282 4538 tes,
311 4482 381 4547 quae
407 4463 442 4525 in
465 4466 552 4549 aquis
577 4466 672 4530 talem
697 4466 851 4545 ellectum,
879 4468 979 4553 qualis
1007 4482 1055 4533 est
1082 4484 1175 4535 aestus
1203 4470 1307 4547 maris,
1337 4468 1512 4553 producere

226 4581 352 4653 (queant,
371 4567 443 4652 jure
465 4590 503 4632 ac
523 4572 643 4635 ratione
665 4573 760 4636 statui
780 4574 910 4656 possint,
933 4596 974 4637 an
996 4574 1093 4641 secius.
1142 4577 1192 4640 Ac
1207 4574 1234 4639 si
1254 4574 1397 4659 pluribus
1411 4574 1512 4639 modis

225 4677 401 4765 istiusmodi
430 4678 511 4743 vires
537 4680 642 4743 animo
671 4682 836 4766 concipere
864 4682 965 4761 liceat,
996 4682 1161 4771 diligenter
1186 4683 1245 4748 erit
1274 4680 1511 4769 dispiciendum,
