3384 5459
222 428 227 439 ·
260 414 323 472 222
560 405 625 471 DE
648 402 804 469 CAUSA
829 400 1253 471 PHYSICA'FLUXUS

259 560 414 673 distantiae
429 580 553 655 obnxe,
569 590 601 641 et
615 579 696 642 vires
712 578 826 664 quibus
841 590 996 663 urgentur
1010 574 1118 641 versris
1129 570 1263 662 'planum
1277 579 1454 665 oequatoris,
1475 596 1554 645 sunt

259 686 301 750 ud
315 710 349 751 se
364 688 505 763 invicem,
521 699 556 750 ut
570 686 696 750 illarum
710 684 869 748 distantioe
883 684 924 747 ab
939 683 1000 746 hoc
1013 682 1118 767 plano.

304 797 373 860 Cor.
389 802 419 859 2.
445 796 661 878 Repraesentet
677 795 708 856 A
723 793 788 855 vim
804 790 867 876 quir
883 788 1034 873 sphoerois
1050 802 1142 875 urget
1157 790 1341 873 particulam
1357 792 1386 854 in
1403 794 1471 859 axis
1487 807 1551 859 ter-

259 905 345 969 mino
360 905 392 969 A
406 906 506 984 sitam,
532 906 560 969 B
582 906 645 969 vim
666 903 728 990 qud
751 902 839 965 idem
850 900 852 905 ’
863 901 997 967 solidum
1012 914 1103 988 urget
1123 902 1309 987 particulam
1325 903 1353 967 B
1367 905 1400 967 in
1414 906 1562 971 circum.

161 1008 169 1040 ¹
258 1011 386 1076 ferentii
403 1012 510 1075 circuli
524 1012 620 1075 medii
641 1013 721 1074 iuter
742 1011 773 1072 A

257 1130 316 1183 eta
325 1118 479 1203 positum3
494 1132 633 1183 sumatur
646 1120 677 1183 K
691 1122 721 1184 R
731 1120 772 1183 ud

259 1266 342 1345 KG,
355 1279 391 1332 ut
406 1230 482 1401 '0³th
488 1277 534 1331 est
545 1268 584 1330 ad
596 1228 675 1395 ‘ORE’
698 1270 772 1353 jun-

254 1455 348 1529 gatur
361 1440 389 1505 P
399 1441 439 1519 R,
456 1451 488 1505 et
500 1440 654 1526 particulo
666 1439 693 1506 P
704 1454 772 1505 ten-

256 1551 310 1615 det
323 1548 772 1634 versdssplroeroideminrec·
816 1550 853 1615 A
951 1600 961 1612 .

255 1669 289 1721 ta
314 1657 400 1735 PR,
427 1657 457 1720 vi
480 1680 552 1745 quae
573 1657 647 1721 huic
676 1672 771 1723 rectoe

256 1786 379 1850 semper
388 1779 435 1830 est
442 1766 693 1851 proportionalis.
715 1767 772 1832 Vis

255 1872 340 1935 eninr
354 1872 416 1957 qut
431 1873 628 1957 particuluD
643 1891 772 1963 urgetur
847 1898 850 1904 ’

256 1978 363 2044 rcrsris
383 1993 524 2043 centrum
546 1979 648 2058 solidi,
671 1984 771 2059 estad

258 2086 298 2165 B,
314 2098 350 2151 ut
365 2086 443 2151 CrD
459 2087 500 2150 ad
515 2088 544 2152 C
561 2086 600 2164 B,
621 2110 680 2172 per
695 2091 771 2157 Cor.

258 2203 289 2258 2.
307 2196 397 2259 Lern
414 2196 478 2259 Ill.
524 2197 673 2263 Similiter
687 2201 734 2265 vis
754 2203 814 2288 quir
838 2204 990 2289 particula
1014 2204 1046 2269 K
1068 2217 1196 2293 urgetur
1221 2204 1330 2271 versds
1355 2205 1445 2269 solidi
1472 2224 1557 2277 cen-,

217 2364 221 2371 .
261 2318 349 2368 trum
363 2317 411 2368 est
425 2305 466 2411 sd
482 2304 522 2381 A,
546 2319 582 2370 ut
604 2307 633 2370 C
649 2307 682 2372 K
703 2309 745 2373 ad
769 2312 854 2377 CA.
900 2313 1008 2389 Quare
1023 2334 1080 2397 per
1095 2313 1226 2407 Lemma
1241 2314 1300 2377 IV.
1315 2313 1361 2376 vis
1376 2312 1437 2397 qud
1453 2309 1551 2395 parti·

257 2412 328 2478 cula
344 2413 372 2477 P
386 2417 518 2499 urgetur
533 2414 707 2480 secundum
723 2432 842 2484 rectam
863 2420 890 2485 P
906 2420 938 2485 K
953 2423 1005 2485 axi
1020 2422 1193 2487 normalem
1208 2422 1309 2486 estad
1326 2422 1398 2497 vim,
1419 2421 1481 2504 qua
1498 2442 1552 2483 ur·

256 2572 349 2649 getur
363 2558 538 2624 secundum
555 2573 673 2625 rectam
689 2563 717 2629 P
733 2565 767 2630 D
781 2568 833 2630 axi
849 2565 1038 2651 parallelum,
1055 2580 1089 2631 ut
1100 2528 1265 2693 {lg-{513
1280 2564 1321 2628 ad
1337 2525 1529 2689 912ch

258 2732 547 2819 adeoqueutPK
571 2747 597 2800 Χ
623 2734 850 2803 KCadCK
874 2751 900 2803 ><
925 2736 1289 2804 KRioutPLad
1313 2736 1455 2801 1<ch
1478 2757 1553 2798 con-

260 2841 442 2905 structione.
490 2841 599 2917 Quare
612 2844 765 2927 particula
789 2845 817 2910 P
836 2858 966 2933 urgetur
979 2844 1150 2911 secundum
1167 2859 1282 2909 rectam
1306 2844 1333 2907 P
1351 2843 1391 2920 B,
1415 2842 1464 2906 ltis
1480 2844 1554 2906 viti·

261 2948 322 3012 bus
342 2949 527 3033 conjunctis,
549 2961 582 3013 et
602 2950 650 3012 vis
670 2953 844 3036 composita
865 2965 913 3016 est
926 2953 967 3017 ad
983 2952 1026 3030 B,·
1048 2966 1081 3015 ut
1105 2952 1132 3015 P
1149 2951 1178 3015 R
1194 2950 1235 3014 ad
1257 2950 1285 3015 B
1303 2951 1340 3015 C.
1386 2947 1461 3026 Quo
1477 2948 1553 3013 veri)

261 3073 353 3146 pacto
368 3062 450 3125 vires
467 3061 497 3125 A
512 3072 545 3122 et
560 3060 589 3123 B
603 3064 778 3146 computari
792 3064 925 3147 possint,
941 3056 1052 3149 postea
1062 3060 1271 3127 ostendemus.

366 3234 651 3301 PROPOSITIO
674 3234 1018 3301 L-THEOREMA
1043 3230 1448 3299 FUNDANIENTALE.

311 3380 442 3443 Constet
462 3380 614 3465 sphaerois
636 3382 713 3447 AB
734 3383 789 3447 ab
810 3382 1067 3459 materialium,
1097 3383 1184 3466 cujus
1206 3378 1368 3465 particulae
1389 3373 1496 3439 versus
1518 3394 1553 3437 se

266 3488 376 3551 mutuo
390 3502 562 3575 urgeantur
576 3489 693 3553 viribus
708 3490 741 3553 iu
756 3490 877 3555 inrersd
893 3488 1049 3574 duplicati
1065 3489 1184 3551 ratione
1201 3485 1415 3551 distantiarum
1428 3480 1557 3545 decrcs·.

266 3594 407 3660 centibus
418 3618 428 3674 3
450 3608 607 3685 aguntque
627 3596 720 3661 simul
741 3596 814 3662 duoe
828 3598 909 3661 vires
923 3612 1079 3661 extraneo
1101 3597 1135 3659 in
1156 3594 1293 3681 singulas
1307 3591 1393 3655 fluidi
1415 3587 1553 3673 particu-
1687 3634 1688 3643 ι

266 3704 322 3782 las,
337 3690 476 3790 ⁸quarum
491 3705 588 3770 altera
600 3707 708 3771 tendat
722 3704 832 3770 rersds
847 3718 989 3770 centrum
1005 3704 1200 3789 sphaeroidis,
1224 3704 1325 3788 sitque
1340 3719 1462 3783 semper
1476 3718 1553 3781 pro-
1687 3708 1688 3713 ’

267 3812 450 3896 portionalis
470 3812 624 3877 distantiis
639 3796 866 3897 particularum
888 3814 928 3877 ab
949 3812 1010 3877 hoc
1029 3824 1154 3887 centr03
1178 3810 1276 3875 ultera
1290 3814 1363 3896 agat
1382 3804 1554 3871 secundum

162 3969 166 3976 ,
269 3934 369 3987 rectas
389 3923 442 3986 axi
479 3923 571 3987 solidi
592 3923 767 4008 parallelas,
791 3923 892 4007 sitque
913 3943 1036 4007 semper
1056 3919 1296 4005 proportionalis
1311 3914 1463 3981 distantiis
1484 3934 1555 3998 par·

270 4028 434 4091 ticularum
448 4051 468 4092 a
489 4030 583 4114 pluno
607 4031 671 4094 Bb
692 4030 744 4095 axi
758 4029 891 4103 nonnuli
901 4053 911 4105 3
934 4030 1005 4093 etsi
1026 4029 1191 4093 semi-exes
1207 4026 1235 4091 C
1251 4027 1292 4103 A,
1317 4024 1390 4088 CB
1412 4020 1557 4105 ellipscos

272 4138 472 4223 generatricis
486 4140 550 4203 sint
564 4139 696 4205 inversa·
709 4140 959 4225 proportionales
974 4138 1090 4203 viribus
1106 4138 1188 4215 totis,
1213 4159 1284 4224 qum
1300 4146 1398 4222 agunt
1413 4133 1445 4197 iu
1461 4132 1558 4218 parti-

230 4314 233 4321 ,
274 4242 359 4306 culus
374 4245 509 4328 aeqaales
524 4246 557 4309 in
571 4248 718 4312 extremis
733 4247 840 4311 axium
855 4246 980 4331 punctis
995 4246 1027 4310 A
1041 4257 1072 4309 et
1088 4245 1117 4309 B
1131 4245 1215 4322 sitas,
1238 4245 1297 4307 erit
1311 4254 1413 4307 totum
1427 4238 1558 4303 fluidum

272 4351 307 4413 in
320 4352 507 4436 aequilibrio.

319 4458 367 4523 Ut
387 4458 457 4524 haec
480 4454 659 4547 Propositio
680 4475 787 4529 nostra
808 4430 958 4549 primltria
971 4464 1140 4527 clarissime
1156 4462 1396 4537 demonstretur,
1417 4450 1561 4523 ostende-

273 4588 344 4630 mus
365 4568 522 4651 rmprimis
542 4571 606 4633 vim
628 4574 829 4655 compositam
844 4593 886 4634 ex
901 4571 1051 4657 gravitate
1070 4568 1232 4654 particulae
1247 4566 1381 4651 cujusvis
1398 4561 1425 4625 P
1440 4572 1473 4623 et
1485 4556 1564 4621 dua-

273 4676 333 4740 bus
347 4677 466 4739 viribus
481 4680 648 4756 extrancis,
665 4701 788 4765 semper
802 4700 896 4766 agere
911 4680 944 4741 in
958 4678 1040 4741 rectt
1057 4678 1085 4743 Ρ
1100 4678 1140 4753 L,
1164 4696 1234 4761 quoe
1248 4688 1296 4739 est
1309 4672 1350 4737 ud
1365 4665 1563 4754 superficiem

1543 2586 1551 2637 ;
