3384 5459
518 416 582 484 ET
603 416 858 483 REFLUXUS
883 414 1041 481 MARIS.
1079 461 1083 467 -
1357 430 1419 493 2³7

90 630 97 639 ·
121 590 318 657 macularum
339 592 427 657 Jovis
448 592 490 657 ab
510 590 695 655 astronomis
716 588 896 653 observatas
917 586 992 651 hinc
1011 584 1116 673 aliqui
1136 586 1246 653 saltem
1264 610 1306 655 ex
1324 606 1417 677 purte

122 714 229 765 ortum
250 700 364 765 ducere
372 724 381 778 3
404 700 490 787 quod
508 702 537 764 si
552 700 604 763 hae
620 700 808 765 mutationes
822 720 893 761 eam
907 696 1085 783 analogiam
1103 718 1232 761 servare
1242 698 1419 783 deprehen·

122 809 240 873 dantur
262 830 334 872 cum
356 807 531 893 aspectibus
555 806 731 884 satellitum,
756 826 851 891 quam
871 803 941 867 haec
961 803 1105 869 doctrina
1123 804 1271 889 postulat,
1299 807 1417 875 indicio

122 918 185 983 erit
209 939 314 982 veram
338 938 446 981 eurum
470 934 595 981 oausam
613 912 688 977 hinc
707 934 774 977 esse
795 910 974 998 petendam.
1021 910 1073 975 Ex
1094 910 1155 975 hle
1177 911 1319 977 doctrici
1342 914 1417 981 licet

122 1051 249 1116 quoqne
263 1028 416 1113 conjicere
428 1048 494 1093 non
507 1028 625 1112 absque
639 1024 779 1101 utilitate,
802 1037 907 1088 motus
922 1020 1090 1087 satellitum
1105 1022 1190 1087 circs
1204 1044 1280 1088 axes
1295 1044 1368 1089 snos
1384 1039 1417 1091 et

120 1136 208 1201 circa
230 1134 395 1220 primarios
415 1134 460 1199 ita
476 1133 665 1217 compositos
683 1154 752 1197 esse
769 1142 805 1199 ut
821 1130 906 1194 idem
920 1128 1167 1215 hemispherium
1178 1131 1242 1195 suis
1257 1132 1414 1216 primariis

121 1267 247 1329 semper
268 1243 443 1321 ostendant,
466 1244 638 1311 secundrim
659 1243 844 1309 sententiam
866 1239 964 1306 celeb.
989 1254 1251 1309 astronomorum.
1295 1246 1415 1311 Verisi-

120 1354 198 1419 mile
218 1355 301 1418 enim
322 1366 370 1420 est
390 1364 493 1418 monis
506 1353 601 1417 maris
615 1352 728 1417 nimios
742 1352 775 1415 in
789 1350 974 1415 satellitibus
989 1350 1064 1415 cieri
1078 1351 1196 1429 deberi,
1220 1354 1247 1417 si
1267 1374 1336 1421 cum
1354 1355 1414 1421 alit

120 1464 231 1551 quivis
252 1462 415 1527 velocitate
436 1464 518 1527 circa
539 1484 615 1527 axes
636 1483 709 1527 suos
730 1442 981 1538 revolverentur3
1004 1463 1092 1548 aquis
1107 1474 1213 1527 autem
1232 1465 1265 1527 in
1282 1465 1332 1529 his
1347 1466 1415 1553 agi·

120 1572 226 1639 undis
242 1573 281 1657 (si
295 1592 367 1657 quae
381 1572 455 1652 sint)
471 1570 612 1635 sufficere
625 1580 758 1657 possunt
773 1580 869 1635 aestus
884 1592 926 1633 ex
940 1569 1033 1633 variis
1049 1569 1217 1636 satellitum
1232 1572 1414 1639 distantiisa

121 1683 189 1749 suis
203 1683 358 1767 primariis
373 1680 525 1748 oriundis.

633 1936 818 2012 SECTIO
845 1936 914 2011 IV.

175 2128 227 2189 De
240 2134 320 2189 motu
334 2125 427 2188 maris
440 2121 585 2207 qndteum
599 2145 636 2185 ee
650 2134 730 2189 tadu
748 2122 880 2187 Tellenis
893 2125 1004 2188 diurno
1018 2124 1126 2189 aliisve
1141 2126 1178 2187 de
1192 2126 1289 2188 carnis
1304 2127 1360 2187 im·

700 2242 841 2297 mmmm.

168 2426 371 2495 Ostendimus
390 2428 424 2494 in
445 2426 590 2493 Sectione
608 2427 800 2513 precedenti
820 2427 958 2493 Terram
971 2426 1102 2493 fluidam
1118 2426 1225 2491 versds
1242 2426 1349 2493 Solem
1363 2427 1414 2491 vel

120 2536 250 2601 Lunam
271 2535 443 2621 inreqaliter
464 2556 593 2622 gravem
614 2534 800 2619 sphoeroidis
814 2536 961 2623 oblongae
976 2534 1112 2621 ligurium
1134 2536 1265 2602 induere
1279 2536 1412 2611 deheres

120 2642 210 2725 cnjus
231 2641 298 2705 axis
321 2653 514 2705 transversus
532 2661 590 2723 per
611 2654 753 2705 centrum
771 2640 932 2705 luminaris
954 2651 1041 2705 tran-

125 2748 211 2823 siret,
237 2747 263 2811 si
286 2746 389 2811 Terra
413 2768 479 2811 non
500 2747 711 2811 revolveretur
732 2746 814 2811 circa
830 2768 923 2809 axem
951 2766 1043 2811 snum

120 2868 212 2918 motu
223 2854 354 2931 diurn03
377 2866 409 2919 et
419 2877 582 2918 ascensum
596 2876 686 2940 nqnae
700 2855 734 2917 in
749 2851 914 2938 hypothesi
930 2847 1043 2919 Terrae'

121 2963 310 3048 quiescentis
333 2984 374 3026 ex
391 2964 424 3025 vi
447 2962 529 3027 Solis
544 2963 712 3026 oriundum
726 2960 933 3025 decrivimus.
976 2960 1042 3025 Ve-

120 3070 196 3134 rdm
211 3070 253 3134 ob
267 3082 386 3135 motum
401 3069 512 3133 Terrae
527 3069 649 3133 diversa
662 3082 709 3132 est
723 3068 803 3133 ratio
820 3067 914 3131 oestlvs
935 3068 1038 3132 maris.
1092 3079 1123 3137 Κ

123 3179 215 3244 Hinc
228 3178 312 3242 enim
326 3201 407 3263 aqua
419 3199 580 3263 nunquam
594 3176 631 3241 fit
645 3178 679 3241 in
692 3178 877 3265 aequilibrio,
900 3177 954 3241 sed
968 3200 1040 3263 per-

121 3286 225 3371 petuis
250 3287 387 3350 motibus
410 3284 554 3371 agitatur.
622 3286 844 3371 supponamus
876 3286 982 3352 Solem
1010 3297 1043 3352 et

123 3393 250 3457 Lunam
275 3394 457 3477 conjunctos
481 3393 531 3457 vel
556 3393 716 3478 oppositos
741 3396 856 3458 versari
885 3394 917 3457 in
945 3395 1041 3479 plano

120 3499 291 3585 aequatoris
306 3498 454 3577 ABab3
469 3500 579 3564 sitAa
593 3499 744 3564 diameter
758 3524 830 3587 qnoe
842 3523 901 3587 per
915 3502 1040 3566 illorum
1084 3516 1113 3583 1,

123 3624 231 3673 centra
260 3608 381 3686 transit,
412 3609 441 3674 B
463 3610 485 3673 b
513 3610 589 3673 huic
617 3609 893 3695 perpendicularis.
951 3610 1040 3675 Dum

123 3735 214 3799 aquas
228 3715 326 3779 moles
342 3716 510 3782 revolvitur
528 3730 617 3782 motu
638 3718 762 3797 diurno,
785 3730 941 3806 augentur
959 3718 1040 3783 vires
1112 3718 1141 3781 Ε

123 3820 238 3906 quibus
252 3844 400 3889 ascensus
416 3825 484 3909 ejus
496 3837 699 3909 promovetur
716 3826 751 3891 in
766 3826 901 3909 nansitu
914 3848 1004 3913 cquae
1021 3850 1042 3891 a
1160 3810 1191 3869 P

122 3926 200 3993 locis
216 3926 283 3993 bet
295 3928 376 3995 Bad
391 3933 424 3997 A
436 3944 470 3997 rt
483 3956 511 4010 a,
535 3945 568 3997 et
586 3935 620 3997 in
634 3934 685 3998 his
697 3934 775 4000 locis
789 3936 927 4001 madunt
940 3934 1041 4001 maxi·

122 4054 202 4112 moe3
226 4057 373 4116 ascensus
387 4053 492 4104 tamen
508 4063 600 4125 nquoe
620 4043 787 4129 prorogari
801 4042 935 4121 videtur,
954 4053 1041 4128 post·

123 4142 218 4231 quim
233 4146 285 4209 lue
302 4148 384 4213 vires
403 4149 502 4213 min'ni
519 4165 681 4235 ooeperunt
703 4174 802 4238 nsque
818 4150 884 4217 ferd
906 4152 946 4216 ad
969 4151 1040 4215 loca

57 4286 60 4289 ⁴
121 4252 180 4317 nbi
201 4251 253 4317 he
274 4254 356 4319 vires
377 4256 583 4342 aequipollent
594 4258 713 4322 viribus
727 4258 841 4344 quibus
855 4257 1042 4343 deprimimur

120 4356 204 4427 infre
218 4360 413 4427 altitudinem
427 4385 523 4447 quam
537 4365 720 4430 nattuditer
734 4366 899 4443 obtineret,
916 4368 942 4431 si
956 4364 1042 4430 nulli

121 4467 155 4535 vl
182 4467 331 4533 emuncti
358 4482 461 4534 motus
489 4493 580 4556 aquae
607 4473 864 4556 perturbaretur3
904 4472 983 4539 adeo
1012 4485 1049 4545 ut

120 4588 226 4645 notris
246 4600 338 4664 aqum
358 4581 550 4645 considerari
570 4585 670 4667 possit
690 4596 844 4670 tanquam
872 4586 1062 4662 libratorius,
1087 4597 1119 4650 et
1142 4583 1327 4682 tantundem
1351 4574 1417 4643 seri

120 4682 273 4845 uzndplt
284 4686 403 4756 viribus
417 4689 532 4775 quibus
547 4692 687 4757 elevatur
701 4692 960 4774 decrescentibus,
973 4693 1067 4782 qudm
1077 4695 1188 4762 iisdem
1197 4688 1415 4761 crescentibus

181 4806 221 4844 α.
269 4793 292 4843 1.
770 4807 776 4817 ·
811 4801 829 4850 8
