3384 5459
152 466 264 529 Lmen
277 465 459 545 Tenum]
504 468 746 535 PRINCIPIA
770 471 1141 539 MATHEMATICA.
1388 484 1430 545 27

150 636 252 700 fingatur
267 635 293 682 in
309 636 412 697 ieorpus
427 638 527 687 centrale
543 638 598 687 Jori
615 640 696 697 simile,
715 640 775 689 circs
806 642 908 690 cendale
924 643 1006 690 debeat
1023 642 1136 691 mmoreri
1152 660 1167 690 a
1185 652 1272 702 puncto
1290 645 1315 691 lt
1326 654 1352 691 et
1364 660 1429 693 soce

150 700 219 763 quod,
239 699 328 747 semoti
350 702 410 747 Solis
430 702 526 757 actione,
545 702 634 750 satelles
647 705 737 767 gravior
751 704 774 751 L
806 704 861 752 dere
872 722 949 753 versus
962 708 990 765 P,
1003 709 1048 754 hoc
1064 719 1099 755 eat
1112 706 1229 755 transferri
1240 723 1268 755 ex
1284 706 1293 753 i
1309 723 1387 756 sersus
1398 708 1428 768 1;

150 764 276 812 describere
296 766 380 823 poterit
400 766 499 813 orbitam
528 764 549 812 Ρ
570 768 594 821 Q
616 766 639 814 ll
660 769 682 815 T
703 769 774 827 priori
807 769 840 815 ita
854 781 882 817 ut
896 782 1002 819 centrum
1016 773 1096 819 abitas
1112 772 1215 818 satellitis
1227 772 1370 819 Lremotius
1380 788 1431 821 esse

151 832 173 875 A
182 828 202 876 C
210 828 232 875 Β
241 828 266 873 D
273 828 384 889 equalem
392 846 399 884 ;
407 829 540 877 restituatur
546 830 677 887 Solisactio,
684 832 743 879 actio
750 848 774 879 e·
807 831 914 881 debente
926 836 980 882 Sole
1006 834 1061 882 urim
1072 836 1144 895 ipsius
1154 850 1238 894 corpus
1248 836 1355 882 centrale.

147 890 187 953 jus
195 890 218 937 in
225 900 351 952 utrumque
357 892 477 939 satellitem
483 894 625 953 eritequalis
633 894 656 939 in
662 895 775 941 similibus
839 897 896 944 Jam
916 897 971 945 rerd
1008 900 1043 945 ‘oo
1064 899 1123 946 illud
1144 914 1227 957 eorpus
1245 898 1346 946 neutrale
1362 898 1392 946 ad
1414 900 1430 949 Ι

149 955 275 1001 orbitarum
284 956 392 1013 punctia;
404 970 458 1003 nam
468 966 560 1016 propter
567 958 685 1019 ingentem
691 959 774 1019 puncti
796 960 925 1013 ,transferri
940 962 1031 1021 debere,
1049 978 1103 1009 nam
1119 963 1149 1009 sit
1162 977 1246 1021 eorpus
1257 963 1358 1010 centrsle
1367 963 1393 1009 in
1406 963 1428 1021 1,

153 1018 170 1066 8
184 1016 317 1065 distantiam
333 1018 377 1065 erit
389 1020 406 1066 S
419 1021 442 1065 A
458 1018 489 1067 nd
505 1020 522 1067 S
535 1020 563 1076 P,
580 1030 603 1067 et
616 1021 633 1067 S
645 1022 666 1069 B
678 1022 709 1069 ad
722 1023 775 1069 stt
808 1024 896 1071 semoti
911 1025 971 1071 Solis
985 1027 1082 1082 actione,
1099 1026 1190 1072 satelles
1201 1026 1224 1071 L
1233 1026 1315 1072 eodem
1326 1036 1430 1086 tempore

150 1128 178 1166 ιιι
189 1120 204 1167 s
217 1119 230 1165 1
242 1117 272 1166 au
287 1118 330 1175 si,
346 1110 445 1182 {reique
456 1130 483 1169 ut
493 1087 597 1208 -¹-d.‹1
607 1090 673 1211 -¹-3
697 1124 773 1189 μή.
807 1088 1286 1214 ffiwsssmlssffifflsssffiljjffi?
1295 1089 1366 1199 ἒξ*
1374 1105 1430 1215 {fg

148 1228 204 1268 tates
218 1221 244 1267 in
260 1219 294 1267 eis
304 1220 398 1281 punctis
414 1221 490 1271 forent
500 1234 527 1272 ut
536 1225 554 1274 d
563 1224 594 1273 ad
604 1242 625 1285 e,
640 1225 738 1289 idedqus
754 1224 775 1273 si
807 1214 951 1327 ἑξιῐωὶξθιῖ
958 1216 1102 1344 {Ycolralbq
1116 1216 1199 1339 13ωέ
1214 1186 1372 1326 ῑίῧθὼΐζ
1384 1216 1430 1341 '1¹¹3

807 1338 951 1389 velocitatem
962 1345 1066 1391 eamdem
1075 1344 1170 1390 habebit
1178 1356 1249 1404 quam
1260 1342 1328 1389 habet
1338 1342 1430 1389 satelles

807 1402 857 1450 lin
872 1421 915 1453 suo
930 1406 1024 1463 circulo,
1041 1408 1132 1469 qualem
1148 1406 1337 1467 r.gr.ltabetin
1354 1406 1429 1453 Cubi

807 1467 955 1516 velocitamm
976 1471 1069 1517 illarum
1085 1470 1222 1516 directiones
1240 1477 1296 1515 aunt
1310 1468 1429 1528 parallelo

806 1540 856 1576 tam
869 1532 931 1578 inter
945 1549 971 1579 se
984 1533 1054 1595 qndm
1065 1532 1178 1580 &metro
1190 1533 1214 1579 R
1226 1532 1255 1587 P,
1266 1541 1291 1579 at
1300 1534 1331 1579 ob
1341 1531 1429 1579 distan-

806 1594 893 1641 tiorum
910 1595 924 1643 1
937 1598 963 1650 Q
977 1609 1000 1643 et
1018 1598 1030 1644 1
1043 1597 1063 1643 C
1080 1596 1234 1657 equalitatem
1247 1596 1306 1641 sires
1316 1596 1428 1643 centralea

806 1667 862 1702 sunt
876 1659 975 1719 equales
987 1659 1119 1705 directionis
1129 1652 1263 1720 obliquitate
1274 1658 1371 1719 paulum
1381 1658 1427 1705 dii·

805 1720 919 1769 l'erentss:
945 1722 1043 1769 addatur
1057 1724 1108 1783 J'am
1126 1722 1186 1769 actio
1206 1722 1273 1778 Solis,
1288 1731 1312 1768 et
1325 1722 1382 1769 edm
1398 1723 1429 1770 sit

808 1784 972 1837 SQadsc
992 1796 1020 1831 ut
1039 1784 1352 1833 SiadSIactionesillas
1369 1785 1428 1833 Solis

802 1848 848 1910 (ex
863 1848 927 1909 Hyp.
940 1858 964 1895 et
980 1848 1152 1908 demonstratis)
1167 1848 1193 1893 itt
1209 1848 1318 1895 satellites
1332 1848 1428 1896 diverse

805 1911 929 1972 gravitatis,
949 1912 989 1958 sed
1006 1912 1092 1973 positu
1107 1912 1132 1958 in
1152 1913 1178 1967 Q
1195 1922 1218 1958 et
1238 1912 1342 1959 cerunt
1357 1912 1428 1959 mam

806 1976 906 2036 aequales
910 1994 917 2033 ;
929 1979 1058 2023 movebitur
1068 1991 1124 2037 ergo
1134 1976 1225 2021 satelles
1236 1975 1258 2022 L
1270 1974 1294 2021 in
1305 1972 1427 2023 mediocri·
1442 2022 1445 2028 ,

805 2038 850 2085 bus
860 2039 972 2087 distamiis
985 2041 1010 2095 Q
1023 2050 1047 2085 et
1062 2040 1123 2086 Tut
1132 2038 1222 2085 satelles
1233 2039 1242 2085 l
1252 2049 1359 2085 movetur
1369 2039 1393 2085 in
1407 2040 1427 2087 C

805 2110 829 2148 et
841 2103 867 2148 D
882 2118 952 2165 quarn
967 2102 1077 2162 proxime,
1093 2114 1142 2149 tam
1157 2102 1246 2149 ratione
1260 2100 1361 2161 eorporis
1372 2118 1427 2149 oen-

805 2164 869 2211 tralis
883 2166 895 2213 l
910 2165 983 2229 qudsn
999 2168 1069 2213 mam
1085 2181 1114 2213 ex
1128 2166 1238 2227 adjuncta
1252 2165 1342 2213 actione
1359 2166 1427 2223 Solis,

805 2231 944 2277 mutationes
954 2228 1008 2277 rerd
1018 2246 1046 2277 ea
1058 2230 1113 2279 Sole
1123 2229 1249 2292 pendentes
1260 2230 1284 2275 in
1296 2230 1317 2274 A
1330 2237 1354 2274 et
1366 2229 1393 2282 P,
1403 2242 1428 2276 et

804 2290 828 2337 in
849 2294 872 2339 tt
888 2304 911 2341 'et
928 2294 949 2341 B
966 2295 1066 2356 nqudes
1081 2304 1142 2350 mnt,
1158 2294 1213 2357 quia
1227 2302 1284 2343 smt
1297 2290 1427 2341 differentia

801 2356 907 2417 ejusdem
919 2358 953 2403 ris
964 2359 1059 2405 Solisin
1071 2359 1213 2406 letsirium
1226 2358 1320 2405 Solisin
1331 2357 1425 2417 AetP,

803 2428 832 2465 nt
842 2430 866 2466 et
876 2420 959 2467 virium
972 2422 1032 2469 Solia
1042 2422 1067 2469 in
1083 2423 1106 2468 R
1116 2432 1140 2469 et
1157 2422 1187 2479 P,
1204 2422 1263 2470 vires
1273 2430 1352 2470 autem
1363 2423 1388 2467 in
1402 2425 1425 2469 A

803 2492 828 2529 et
840 2483 1073 2547 Penne-aquatam
1086 2487 1152 2547 Hyp
1162 2485 1360 2535 eedemutetin
1370 2486 1427 2533 ltet

804 2544 836 2595 Β.
873 2548 942 2595 Undd
952 2548 1007 2597 etim
1018 2550 1052 2595 vis
1062 2550 1164 2609 primarii
1175 2564 1261 2611 magna
1271 2549 1386 2595 censenda
1396 2550 1426 2595 sit

803 2622 908 2669 respectu
927 2613 961 2658 ris
981 2613 1013 2669 S,
1028 2614 1129 2660 rationes
1144 2614 1230 2659 sirium
1246 2614 1426 2671 centaipstarum

803 2673 947 2721 residuarum
962 2676 986 2722 in
1005 2677 1061 2724 Pet
1073 2680 1103 2732 A,
1119 2678 1140 2724 B
1155 2686 1179 2723 et
1196 2678 1323 2723 [imment
1332 2677 1426 2722 interse

803 2736 828 2781 in
839 2737 920 2784 eadem
935 2739 1023 2786 ratione
1033 2756 1060 2786 ac
1071 2740 1090 2785 si
1101 2739 1167 2785 nulla
1177 2740 1237 2785 foret
1246 2740 1306 2785 actio
1318 2739 1385 2793 Solis
1402 2748 1426 2785 et

802 2810 830 2847 nt
847 2800 1353 2851 semotiactioneSoliscurrasauasiisdem
1366 2812 1425 2848 tem·

397 2808 491 2978 ᾖς
802 2864 897 2923 poribus
911 2865 1038 2915 describere
1056 2867 1177 2923 iaciebant,
1197 2866 1312 2913 eeleritate
1330 2865 1426 2927 quidem

802 2929 883 2989 majori
893 2928 918 2974 in
932 2930 960 2985 P,
972 2929 1055 2976 minori
1067 2931 1092 2976 in
1108 2930 1135 2985 ll,
1147 2928 1286 2978 mediaverit
1296 2929 1322 2987 in
1331 2934 1353 2975 A
1362 2939 1386 2975 et
1394 2930 1425 2984 Β,

801 2989 1081 3053 itaqneeademprorimtl
1087 2994 1116 3041 iis
1124 2994 1149 3039 in
1157 2992 1249 3053 punctis
1256 2992 1359 3039 manebit
1367 2993 1425 3038 ratio

145 3054 251 3103 satellites
261 3054 339 3103 forent
349 3070 415 3117 eque
422 3070 510 3131 grates,
521 3054 614 3115 paribus
625 3056 649 3104 in
655 3054 769 3105 distantiis
801 3052 961 3115 descriptionis
969 3071 1105 3114 curvarum
1117 3057 1171 3103 edm
1180 3072 1236 3119 ergo
1242 3056 1425 3103 demonstratum

143 3120 265 3181 gravitates
276 3118 300 3164 in
311 3119 344 3165 eis
355 3131 447 3178 punctis
457 3120 533 3166 forent
538 3128 566 3166 ut
574 3119 590 3166 d
598 3120 627 3167 ad
634 3136 654 3177 e,
666 3120 706 3166 sed
713 3120 769 3181 quia
801 3118 900 3181 sitquod
907 3120 932 3165 in
939 3122 1031 3179 punctis
1043 3120 1160 3176 PQRT.
1176 3122 1198 3167 A
1206 3122 1226 3167 C
1234 3122 1256 3167 B
1263 3120 1288 3166 D
1295 3122 1355 3167 actio
1365 3120 1425 3166 Solia

142 3182 240 3245 qnvitas
246 3182 768 3245 satellitislestsdgraritatemsstellitisLutc
800 3196 848 3227 non
859 3184 936 3231 turbet
945 3184 1081 3230 relationem
1094 3199 1148 3247 que
1161 3182 1283 3230 intercedit
1297 3185 1359 3229 inter
1374 3197 1424 3229 mo-

142 3246 171 3293 ad
181 3244 204 3301 d,
213 3255 378 3305 compensatur
387 3246 511 3294 discrimen
520 3246 636 3308 provintia
643 3262 671 3293 er
682 3245 767 3293 distan-
800 3244 858 3291 dum
869 3260 916 3307 quo
924 3262 1000 3294 curve
1009 3248 1055 3293 illae
1068 3248 1090 3294 P
1100 3248 1125 3301 Q
1134 3248 1158 3294 tt
1168 3248 1197 3304 T,
1207 3250 1229 3294 A
1242 3249 1262 3294 C
1271 3247 1292 3293 B
1304 3248 1328 3293 D
1339 3246 1424 3293 descri-

142 3308 174 3356 tit
184 3318 262 3355 mum
274 3324 316 3368 per
330 3310 455 3358 discrimen
471 3310 588 3371 gravitatis
603 3324 631 3357 es
647 3310 767 3372 hypodresi
799 3310 895 3367 bunost,
906 3309 961 3357 cim
973 3311 1057 3357 virium
1066 3310 1169 3358 rationes
1179 3310 1267 3358 mem
1277 3320 1388 3357 maneant
1397 3325 1425 3358 ac

143 3373 306 3420 contimtum:
321 3374 418 3421 mutatio
426 3383 504 3421 autam
511 3388 564 3435 quse
572 3388 599 3419 er
609 3375 699 3421 actione
708 3373 768 3421 Solis
798 3371 866 3433 prius
873 3373 1056 3435 quamproximd,
1069 3374 1131 3421 idem
1139 3374 1207 3421 etiam
1214 3374 1244 3420 de
1250 3374 1343 3435 punctis
1353 3374 1424 3420 inter-

142 3436 215 3483 oritur
230 3436 256 3481 in
269 3436 367 3483 orbitam
382 3436 486 3484 satellitis
497 3435 569 3483 relatd
580 3437 610 3483 ad
621 3438 671 3499 ejus
681 3436 766 3497 prima-
799 3436 883 3483 mediis
893 3436 937 3483 erit
946 3438 1131 3501 intelligendum.
1166 3436 1238 3485 Unde
1248 3436 1423 3499 sequiturquod

143 3500 203 3546 rium
219 3498 307 3559 pendet
322 3515 350 3548 ea
368 3500 499 3547 discrimine
517 3499 613 3547 actionis
626 3500 686 3548 Solis
696 3501 721 3546 in
731 3516 766 3547 sa-
799 3499 892 3547 satellea
902 3500 924 3547 L
935 3501 961 3547 in
971 3500 1045 3549 orbiti
1058 3502 1080 3548 P
1092 3502 1119 3557 Q
1127 3502 1151 3549 lt
1160 3502 1183 3549 Τ
1193 3501 1279 3548 resolvi
1290 3501 1374 3561 poterit
1383 3516 1422 3547 eo·

141 3562 240 3610 tellitem
250 3572 275 3609 et
289 3563 315 3609 in
326 3564 470 3623 primarium,
486 3564 530 3610 boc
541 3573 576 3611 est
586 3564 611 3610 in
622 3564 766 3625 oppositione
800 3561 855 3609 dem
871 3573 973 3624 tempore
989 3564 1116 3627 iisdemque
1128 3565 1234 3624 proxime
1248 3564 1340 3626 legibus
1350 3579 1377 3609 ac
1387 3579 1422 3608 sa-

142 3625 227 3685 pendet
246 3641 275 3673 ex
295 3627 387 3675 rmduo
399 3627 496 3675 nationis
514 3627 574 3674 Solia
589 3627 614 3674 in
630 3626 766 3689 primarium
799 3626 867 3675 telles
878 3626 900 3674 L
913 3628 938 3674 in
948 3626 1024 3675 orbiti
1038 3628 1081 3675 sui
1100 3630 1121 3675 A
1136 3629 1236 3685 CBD,
1253 3629 1273 3674 si
1289 3629 1379 3689 gravior
1394 3626 1424 3672 sit

143 3687 238 3749 dempti
255 3691 345 3737 actione
366 3692 426 3738 Solis
441 3691 466 3737 in
482 3690 620 3750 satellitem
637 3700 661 3739 et
672 3692 697 3737 in
708 3704 765 3738 con·
799 3690 961 3751 Joveparibus
972 3692 997 3738 in
1004 3692 1117 3739 distantiis
1123 3692 1148 3738 in
1156 3692 1244 3739 ratione
1252 3689 1370 3749 duplicati
1377 3690 1423 3735 dis-

140 3753 261 3813 junctione
277 3768 305 3800 ss
320 3756 418 3802 mutatio
433 3757 518 3815 pendet
528 3770 556 3801 er
567 3754 660 3802 residuo
670 3754 766 3803 actiotds
799 3755 880 3800 tantis
897 3754 957 3801 Solis
972 3772 987 3801 a
1002 3766 1082 3803 oentm
1095 3771 1145 3802 sure
1158 3755 1240 3803 orbita
1249 3754 1280 3801 ad
1290 3752 1422 3800 distantiam

145 3816 202 3863 totis
222 3816 248 3863 in
265 3818 387 3865 satellitem
400 3816 495 3879 dempti
511 3818 571 3866 Solis
583 3820 673 3866 actione
683 3819 708 3865 in
718 3819 765 3878 pri·
801 3818 861 3865 Solis
870 3820 901 3865 ab
910 3818 961 3878 ipso
969 3819 1037 3867 Jore.
1074 3821 1105 3875 Q.
1116 3836 1140 3866 e.
1153 3819 1177 3865 d.

143 3882 255 3927 marium:
276 3880 331 3928 edm
341 3896 397 3943 ergo
407 3882 467 3929 actio
480 3882 540 3929 Solis
550 3883 575 3928 in
586 3883 693 3929 satellites
706 3882 728 3929 L
743 3891 767 3930 et
833 3880 949 3928 Eamdem
966 3883 1185 3930 demonstrationem
1195 3880 1305 3941 applicari
1315 3895 1381 3939 posse
1392 3878 1422 3927 ad
1453 3931 1458 3943 ,

143 3944 159 3999 l,
176 3943 206 3989 sit
221 3942 318 4003 eadem;
335 3946 376 3991 sed
387 3946 446 3993 actio
459 3946 519 3993 Solis
533 3946 559 3992 in
573 3946 709 4007 primarium
719 3946 728 3991 i
740 3946 767 3993 dt
799 3958 879 3991 casum
903 3947 945 3992 ubi
965 3946 1056 3994 satelles
1082 3954 1250 4007 supponeretur
1270 3943 1343 3990 levior
1362 3944 1423 3992 Jove

143 4006 219 4054 minor
239 4005 312 4068 quint
328 4008 356 4053 in
375 4009 511 4069 primarium
532 4009 553 4067 1,
576 4010 601 4055 in
622 4009 766 4070 oppositione
799 4007 893 4067 paribus
902 4008 927 4055 itt
938 4008 1058 4067 distantiis,
1069 4010 1181 4069 illumque
1189 4018 1246 4054 tunc
1253 4006 1423 4067 descripturum

143 4070 221 4117 minus
230 4080 265 4117 est
280 4071 397 4119 residuum
413 4072 477 4132 quod
490 4072 643 4119 mutationem
658 4072 731 4133 pariet
740 4072 765 4118 in
799 4072 900 4132 ellipsim
916 4074 984 4135 cujus
999 4084 1104 4120 centrum
1122 4072 1176 4118 Sole
1189 4072 1288 4119 sicinius
1298 4070 1343 4118 erit
1351 4070 1423 4134 quim

142 4134 215 4181 orbita
237 4134 342 4182 sotellitis
360 4136 387 4191 L,
404 4134 476 4197 quim
489 4136 608 4183 residuum
629 4136 692 4202 quod
712 4151 766 4183 mu·
798 4135 900 4194 Jupiter,
917 4137 950 4183 its
965 4147 994 4183 ut
1007 4138 1039 4185 sit
1052 4137 1153 4199 gravitas
1168 4134 1272 4183 satellitis
1282 4135 1311 4183 ad
1322 4136 1424 4197 gratita·

141 4196 253 4245 tationem
275 4198 379 4245 satellitis
400 4200 410 4245 l
431 4198 491 4259 parit
511 4200 537 4246 in
560 4196 641 4255 orbiti,
667 4208 691 4246 et
715 4214 765 4247 nta-
799 4208 847 4245 tem
863 4200 929 4248 Jovis
941 4200 966 4246 in
980 4198 1099 4260 duplicati
1113 4199 1202 4246 ratione
1212 4199 1327 4246 distantite
1339 4198 1399 4246 Solis
1408 4214 1424 4245 a

138 4262 178 4324 jus
193 4276 207 4308 s
223 4270 304 4308 eontm
321 4272 356 4309 est
369 4262 488 4309 residuum
505 4262 530 4309 in
549 4264 711 4326 conjunctione
729 4278 766 4309 rs-
797 4272 877 4309 centm
892 4264 972 4310 orbita
987 4264 1017 4311 ad
1032 4262 1165 4310 distantiam
1182 4262 1242 4311 Solis
1256 4280 1271 4311 a
1284 4264 1351 4312 Jove·
1388 4263 1420 4318 Q·

142 4334 221 4385 speetu
236 4326 317 4372 orbitae
332 4326 435 4373 satellitis
453 4327 475 4375 L
492 4326 564 4389 quim
581 4338 686 4387 respectu
703 4328 766 4373 orbi·
797 4324 896 4373 alterum
907 4343 927 4373 e.
940 4326 964 4373 d.

142 4398 172 4435 ta
190 4388 297 4437 satellitis
315 4388 338 4449 l;
360 4391 401 4437 sed
418 4390 460 4437 illa
478 4390 571 4437 residua
589 4400 638 4439 tant
653 4390 677 4435 in
694 4404 766 4450 oppo-
833 4388 890 4436 itte
904 4391 994 4437 ratione
1007 4390 1061 4437 satis
1073 4399 1300 4439 oonstareanertmn
1311 4388 1422 4436 Nestorii

142 4452 225 4500 sitione
242 4450 314 4516 quim
330 4453 356 4501 in
374 4454 537 4515 conjunctione
555 4454 601 4501 tim
618 4454 767 4513 centripetsm
800 4453 924 4510 credimus,
941 4454 1004 4501 idem
1018 4464 1097 4501 tamen
1113 4456 1180 4501 aliter
1194 4458 1250 4503 inito
1268 4456 1355 4502 calculo
1371 4468 1422 4498 ma-

142 4514 268 4573 minuunt3
286 4532 342 4579 ergo
355 4518 389 4564 vis
399 4518 525 4579 eenttipeta
534 4518 609 4580 maior
619 4528 698 4564 manet
707 4518 732 4563 in
744 4518 767 4565 lt
798 4517 835 4579 gis
850 4516 879 4563 ad
894 4527 995 4564 mentem
1012 4518 1122 4565 Newtoni
1136 4519 1286 4566 demonstrari
1296 4532 1363 4577 posse
1374 4531 1422 4561 non

142 4578 212 4640 qnam
224 4580 249 4626 in
263 4580 292 4633 Β,
306 4590 329 4627 et
339 4580 439 4628 minore
450 4590 530 4627 contra
540 4581 564 4627 in
582 4580 686 4642 Pqudm
696 4582 721 4627 in
737 4585 767 4637 A,
799 4594 927 4642 negantum
943 4580 985 4628 aed
1000 4584 1058 4630 ratio
1073 4598 1128 4629 eum
1145 4582 1262 4630 calculum
1272 4581 1375 4633 ineundi.
1393 4594 1420 4625 aa

142 4642 206 4689 unde
221 4652 284 4703 patet
331 4642 362 4691 od
376 4654 404 4691 ut
417 4645 551 4692 restitum
564 4644 691 4695 similitudo
705 4644 766 4691 inter
797 4643 825 4689 iis
841 4658 894 4704 quse
913 4654 991 4702 postea
1007 4646 1037 4694 de
1055 4647 1157 4695 motibus
1169 4647 1290 4694 lunaribus
1307 4644 1420 4697 dicentur.

143 4706 240 4753 orbium
250 4658 355 4761 suffitia
366 4708 396 4767 L,
408 4715 432 4757 et
441 4708 539 4757 orbitam
549 4708 653 4759 satellitis
663 4708 672 4753 l
683 4722 766 4767 corpus
797 4708 841 4755 erit
851 4706 994 4756 deducenda.
1332 4736 1338 4749 ·

1229 4884 1240 4912 N
