3384 5459
169 349 282 414 Lrunn
294 347 474 430 Teucrus]
509 345 754 440 PRINCIPIA
777 345 1147 414 MATHEMATICA.
1405 355 1447 412 89

358 612 643 680 PROPOSITIO
666 612 785 680 XXII.
830 609 1104 680 THEOREMA
1126 609 1257 676 XVIII.
1296 635 1305 648 ·

164 797 270 862 Motus
291 820 390 864 omnes
410 801 542 878 lunares,
564 821 718 886 omnaque
737 811 866 867 motum
887 799 1089 885 imparitates
1110 818 1148 860 er
1162 796 1268 862 auctis
1283 796 1450 882 prinnpiis

732 933 882 997 mareque.

206 1123 353 1188 Planetas
366 1123 510 1212 majores,
525 1123 645 1190 interea
659 1123 736 1189 dum
760 1123 844 1188 circa
863 1122 969 1188 Solem
983 1121 1133 1200 feruntur,
1149 1143 1241 1208 posse
1256 1119 1333 1184 aiios
1347 1120 1449 1185 miuo-

159 1255 210 1298 res
232 1235 350 1300 circum
370 1257 404 1298 se
420 1234 613 1300 revolventes
631 1233 772 1320 planetas
792 1235 924 1314 deferre,
940 1247 971 1300 et
985 1235 1121 1300 minores
1136 1233 1205 1298 illos
1220 1233 1257 1298 in
1272 1231 1443 1319 ellipsibus,

158 1342 323 1407 umbilicos
341 1344 374 1407 in
396 1344 511 1410 centris
528 1345 682 1430 majorum
696 1345 894 1424 habentibus,
915 1344 1032 1410 revolvi
1048 1343 1163 1410 debere
1176 1354 1265 1429 patet
1277 1365 1335 1429 per
1351 1341 1446 1427 Prop.

160 1454 268 1519 LXV.
285 1454 357 1520 Lib.
374 1455 401 1520 Ι.
446 1455 582 1522 Actione
595 1469 700 1522 autem
716 1456 797 1522 Solis
812 1455 1079 1541 perturbabuntur
1094 1476 1203 1518 eorum
1217 1465 1320 1518 motus
1340 1452 1445 1516 multi·

158 1563 263 1644 mode,
287 1563 388 1652 iisque
411 1563 598 1628 adlicientur
618 1563 879 1652 inaequalitatibus
901 1585 972 1650 quae
995 1563 1028 1624 in
1051 1559 1143 1625 Lunai
1163 1559 1270 1625 nostri
1289 1572 1447 1624 notantur.

164 1671 250 1736 Haec
271 1671 381 1756 utique
401 1676 473 1756 (per
488 1672 562 1738 cor.
578 1680 608 1750 2,
626 1682 657 1750 8,
672 1681 704 1750 4,
719 1684 752 1736 et
766 1680 796 1737 5.
814 1672 910 1756 Prop.
927 1669 1067 1750 LXVI.)
1087 1669 1222 1733 velocius
1237 1680 1389 1748 movetur,
1411 1689 1449 1732 ac

163 1775 255 1840 radio
268 1776 310 1840 ad
325 1775 460 1842 Terram
474 1775 570 1842 ducto
583 1777 731 1844 describit
744 1801 849 1844 aream
868 1801 928 1864 pro
943 1791 1082 1862 tempore
1096 1761 1255 1862 majorem,
1278 1777 1448 1864 orbemque

157 1880 256 1946 habet
276 1883 381 1947 minus
402 1904 543 1964 curvum,
567 1896 659 1972 atque
680 1884 751 1950 ideo
770 1886 902 1970 propius
916 1884 1037 1952 accedit
1051 1883 1091 1948 ed
1106 1883 1250 1962 Terram,
1266 1884 1300 1948 in
1315 1885 1448 1972 syzygiis

160 1987 258 2074 quim
273 1991 307 2053 iu
322 1989 529 2077 quadrennis,
545 1990 605 2056 nisi
619 1991 773 2077 quitenus
786 1993 917 2076 impedit
931 2003 1034 2055 motus
1046 1989 1289 2054 eccentricitatis.
1327 1989 1448 2056 Eccen-

157 2094 280 2160 tricitas
302 2096 388 2160 enim
407 2097 546 2162 maxima
566 2109 616 2162 est
645 2101 714 2182 (per
737 2097 844 2162 Corol.
861 2108 892 2162 9.
916 2097 1012 2182 Prop.
1029 2095 1170 2176 LXVI.)
1200 2095 1255 2160 ubi
1284 2083 1448 2184 apogaeum

157 2199 262 2265 Lnnae
282 2201 316 2263 in
338 2202 476 2290 syzygiis
490 2214 642 2281 versatur,
665 2214 698 2268 et
716 2203 847 2268 minima
860 2203 915 2266 ubi
936 2202 1019 2268 idem
1033 2201 1065 2266 in
1080 2200 1276 2287 quadraturis
1292 2201 1447 2278 consistit3

157 2322 190 2374 et
210 2308 287 2374 inde
310 2310 405 2375 Luna
424 2312 460 2374 in
479 2313 620 2401 perigoeo
634 2313 773 2378 velocior
786 2325 834 2378 est
847 2327 880 2380 et
892 2313 983 2377 nobis
997 2313 1136 2398 propior,
1152 2313 1186 2375 in
1200 2333 1330 2400 apogoeo
1344 2323 1448 2376 autem

156 2417 285 2496 tardior,
302 2433 334 2482 et
346 2419 495 2484 remotior
508 2421 543 2485 iu
556 2422 692 2510 syzygiis
706 2422 800 2510 quim
814 2425 848 2486 in
859 2423 1063 2510 quadraturis.
1096 2422 1301 2510 Progreditur
1315 2423 1447 2506 insuper

156 2549 334 2613 apogaeum,
352 2539 384 2590 et
397 2525 617 2615 regrediuntur
631 2529 717 2609 nodi,
733 2531 788 2595 sed
802 2543 891 2595 motu
905 2529 1093 2616 inaequabili.
1137 2529 1181 2595 Et
1197 2549 1361 2615 apogaeurn
1378 2528 1447 2614 qui·

155 2633 230 2698 dem
256 2641 326 2720 (per
343 2634 417 2698 Cor.
434 2643 464 2704 7.
486 2647 519 2700 et
541 2646 571 2702 8.
594 2637 689 2722 Prop.
705 2636 846 2720 LXVI.)
870 2637 1005 2702 velocius
1031 2635 1231 2724 progreditur
1253 2635 1287 2698 in
1312 2633 1446 2720 syzygiis

157 2740 233 2818 suis,
258 2739 378 2804 tardius
397 2742 574 2828 regreditur
594 2745 627 2806 in
648 2743 856 2830 quadraturis,
878 2754 912 2808 et
932 2765 1062 2808 excessu
1083 2740 1267 2828 progressius
1288 2762 1383 2824 supra
1397 2747 1465 2804 rei

155 2871 301 2938 gressum
324 2852 485 2916 annuatim
509 2851 608 2917 fertur
630 2853 664 2916 in
686 2852 917 2940 consequentia.
963 2849 1049 2918 Nodi
1074 2861 1178 2920 autem
1201 2853 1271 2934 (per
1292 2848 1397 2914 Corol.
1413 2857 1444 2914 2.

161 2957 262 3044 Prop.
278 2959 418 3042 LXVI.)
441 2961 607 3047 quiescunt
625 2962 659 3025 in
681 2962 817 3052 syzygiis
838 2962 903 3026 suis
924 2972 956 3026 et
976 2955 1166 3024 velocissime
1181 2957 1400 3046 regrediuntur
1413 2957 1447 3020 in

157 3066 365 3154 quadraturis.
412 3068 476 3135 Sed
496 3082 529 3134 et
549 3071 650 3156 major
671 3081 719 3135 est
741 3071 844 3136 Luuoe
858 3070 990 3136 latitudo
1002 3070 1141 3136 maxima
1154 3069 1187 3132 in
1201 3069 1298 3156 ipsius
1312 3067 1447 3158 quadra·

161 3239 223 3286 Aris
233 3239 241 3252 '
259 3239 306 3287 'tur
313 3240 394 3288 Terre
402 3240 502 3305 singulis
512 3241 695 3290 revolutionibus
704 3241 789 3290 ennub
819 3241 874 3290 Ωιι
883 3257 965 3290 omnes
975 3241 1082 3289 ridentur
1091 3240 1179 3290 moveri
1190 3239 1215 3288 in
1225 3239 1389 3303 consequentis
1398 3239 1446 3303 sig·

283 3304 319 3354 bie
334 3304 461 3355 inclinann
470 3306 496 3354 iu
506 3306 636 3367 eclipticum
647 3315 672 3354 et
684 3305 720 3354 bie
729 3306 791 3356 redit
819 3321 912 3357 norem.
956 3307 1023 3355 Hinc
1041 3305 1068 3354 flt
1086 3304 1150 3368 quod
1166 3304 1352 3354 cornellrnoner
1365 3319 1447 3356 omnen

159 3365 191 3413 ad
207 3365 347 3426 positionem
362 3368 476 3428 priorem:
505 3370 557 3416 hec
573 3368 652 3417 omnia
668 3367 737 3418 note
752 3369 789 3417 in·
820 3370 941 3431 antiquum
962 3369 1041 3416 eedem
1062 3369 1208 3416 mutaverint
1245 3367 1282 3415 Sic
1303 3365 1447 3416 mustelletio

159 3429 251 3492 telliget
261 3430 303 3492 qui
312 3431 338 3478 in
348 3441 453 3479 mentem
460 3433 600 3480 meaverit
609 3432 681 3495 Prop.
693 3433 791 3483 LXVI.
824 3434 912 3482 Arietis
927 3449 980 3496 qua
994 3442 1098 3491 tempore
1110 3431 1242 3492 Hipparchi
1253 3429 1325 3490 prope
1337 3431 1446 3478 interrro-

161 3492 216 3542 nu
231 3493 253 3542 1.
267 3493 396 3557 uln'mque
410 3495 515 3558 ejudm
528 3496 662 3546 Corollaria.
821 3496 911 3546 tionem
921 3495 1038 3544 rerndem
1048 3493 1160 3556 ecliptica
1171 3505 1194 3542 et
1204 3495 1326 3556 :quateris
1336 3494 1383 3540 vise
1393 3493 1445 3548 ture,

194 3561 249 3605 10³.
264 3557 296 3605 In
303 3558 403 3621 singulis
409 3561 542 3608 octantibus
552 3559 614 3608 Inter
621 3560 759 3623 equinoctia
766 3570 791 3610 et
821 3562 926 3612 nunc.eb
936 3559 1017 3608 endem
1027 3559 1129 3622 digresse
1139 3558 1164 3606 ln
1175 3557 1242 3621 signo
1252 3558 1324 3606 Tnuri
1334 3565 1446 3614 moretur,

160 3620 259 3669 ”letitie
269 3623 398 3684 sequendo,
409 3623 585 3671 inelbratiouie
594 3625 674 3672 Tm
681 3624 712 3672 ed
719 3625 790 3686 eclip-
820 3624 880 3673 sieut
891 3634 916 3674 et
926 3624 998 3672 Tauri
1010 3622 1154 3676 comtellntio
1163 3621 1189 3670 in
1203 3621 1357 3670 Geminorum
1368 3621 1447 3668 locum

161 3683 234 3733 dnm
244 3684 304 3732 redit
314 3685 344 3733 ed
354 3686 455 3746 piorem
464 3686 658 3750 magnitudinem,
675 3688 790 3749 plurirnn-
820 3687 932 3745 trenslrit,
947 3687 1088 3750 Geminique
1103 3687 1129 3734 in
1146 3687 1262 3736 Cunerum
1274 3684 1373 3746 memori
1383 3693 1446 3742 eunt,

163 3763 212 3811 φο
225 3764 342 3797 annorum
358 3748 458 3798 desum
470 3751 600 3800 msibilior
608 3765 658 3799 nou
668 3751 751 3808 eredit,
767 3761 792 3800 et
820 3751 855 3803 in
863 3761 891 3800 ut
900 3750 1215 3814 uneanequeeonstellatioe
1223 3764 1266 3798 ruo
1276 3750 1302 3796 in
1313 3749 1447 3809 proximum

162 3826 283 3875 regressae
300 3823 443 3874 punctorum
460 3814 573 3875 ecliptico
588 3814 700 3862 mutinuo
717 3814 745 3862 flt
765 3816 791 3863 in
818 3815 900 3864 ionrrn
914 3814 1054 3866 ruem-ene
1086 3813 1176 3864 ‘Cum
1189 3823 1268 3862 aunem
1283 3811 1327 3868 hic,
1345 3811 1403 3860 darn
1417 3811 1448 3862 de

161 3875 331 3931 mteoedentin,
350 3891 395 3953 nee
410 3876 442 3926 ed
457 3877 581 3954 quretinunr
598 3878 677 3926 lotum
692 3878 792 3927 rederrm
821 3877 973 3928 imlimtione
986 3879 1086 3942 egimus,
1102 3876 1194 3956 nectari
1208 3885 1299 3951 motmn
1315 3876 1391 3937 ipsum
1404 3890 1448 3924 no-

161 3949 252 4050 ffi'
260 3941 442 4052 stiffi
452 3957 507 4068 3¹:
518 3941 791 4066 mm
820 3941 975 4056 ‘imi‘
980 3941 1387 4066 &nutrimenta
1406 4019 1448 4052 ..s

162 4066 280 4114 eenn'bilre
296 4078 340 4124 eet,
359 4068 793 4131 poetplnriunennotnminterrelln
821 4068 1301 4133 muenecadirregulrritetemmolls
1318 4068 1449 4116 Terreat·

236 4130 242 4141 '
253 4130 260 4142 ’
341 4132 348 4143 ’
822 4133 973 4192 terrdetimue,
984 4148 1027 4180 nec
1036 4133 1138 4208 denique
1147 4134 1178 4184 ed
1188 4131 1287 4180 eliorum
1301 4131 1450 4192 planetarum

198 4199 252 4242 10⁴.
273 4193 337 4242 Cbnr
352 4193 426 4243 stell·
435 4195 490 4245 dre
498 4197 652 4260 qnimntet
663 4196 792 4246 mouerint
821 4197 931 4254 ισῑίοιιοι,
951 4195 1059 4260 quadarn
1080 4207 1151 4244 etum
1171 4195 1283 4256 ecliptica
1304 4195 1449 4244 inclinationi

163 4259 299 4305 communie
310 4259 381 4306 sectio
397 4261 682 4322 aquatorleetetlipticer,
699 4277 792 4310 muse
821 4262 922 4308 mutatio
941 4259 1018 4310 efferri
1038 4270 1120 4321 potest,
1142 4277 1195 4322 quse
1215 4259 1275 4307 forte
1296 4261 1450 4322 perseverabit

163 4332 200 4368 est
215 4331 244 4368 ut
260 4322 379 4370 mutebilis
389 4323 420 4372 eit
430 4323 529 4372 turum
544 4341 559 4372 a
571 4325 665 4384 punctis
674 4326 792 4387 aquinos·
823 4325 879 4372 ntis
888 4333 916 4371 ut
925 4323 1039 4372 sensibilis
1053 4321 1149 4373 eredett
1167 4322 1324 4372 inclinetimls
1334 4323 1450 4386 angulum

163 4384 260 4434 tielr'bue
270 4385 379 4434 distantia
388 4396 412 4434 et
422 4388 494 4436 stelle
504 4391 534 4436 ab
546 4389 629 4436 iisdem
640 4391 733 4449 punctis
742 4403 791 4436 rer·
825 4389 854 4435 1'.
867 4397 963 4436 centnm
977 4388 1044 4438 annis
1054 4387 1184 4436 decrescere
1195 4387 1286 4436 volebat
1298 4387 1448 4442 rouvillare.

164 4450 333 4496 mentientem
347 4449 452 4512 quotidie
465 4452 573 4514 progredi
584 4453 713 4509 videantur,
729 4451 793 4499 unde
819 4451 863 4499 ‘cui
874 4467 922 4498 non
933 4461 1063 4514 repugnent
1072 4467 1127 4514 quae
1139 4451 1249 4502 Cresinru
1259 4451 1283 4498 in
1294 4451 1450 4526 Aaronomiee

165 4514 271 4574 ipserum
287 4513 446 4576 longitudines
460 4529 515 4578 quer
530 4515 555 4563 in
570 4515 715 4576 eclipticieb
728 4515 796 4564 initio
827 4515 966 4572 Elementis,
980 4532 1007 4562 er
1025 4515 1088 4564 rarii
1103 4527 1288 4569 astronomorum
1299 4516 1451 4564 animumne
1561 4507 1570 4518 ⁵

167 4577 257 4624 Auen·
271 4577 320 4624 sire
336 4577 496 4626 intersectione
510 4579 598 4626 eneti
609 4579 721 4640 ecliptica
731 4589 754 4626 et
764 4596 795 4627 es-
826 4577 983 4628 inclinationis
995 4579 1108 4640 eclipticae
1123 4580 1210 4632 retulit.
1246 4577 1293 4628 sei
1303 4577 1333 4627 de
1345 4579 1374 4628 iit
1382 4577 1451 4640 plura

164 4641 270 4704 quecun
282 4639 412 4704 commun
426 4642 508 4699 olene,
520 4640 633 4692 munus
642 4651 756 4702 munt,
772 4651 796 4692 ee
825 4643 852 4692 tn
862 4651 980 4706 moun
990 4653 1059 4695 nunt
1069 4643 1175 4696 mnu.

1500 460 1556 500 ‘de
