3384 5459
445 452 636 520 FLUXUS
657 455 720 521 ΔΟ
742 454 998 521 REFLUXUS
1020 454 1179 521 MARIS.
1390 464 1454 527 257

166 619 353 704 pamdoxcn
377 620 527 700 videatur,
554 622 641 709 qndd
665 624 712 689 vis
737 623 840 691 Lunae
864 624 898 689 in
922 622 1020 708 priori
1042 642 1117 691 casu
1138 635 1282 707 respectu
1304 623 1349 689 vis
1373 624 1454 691 Solis

167 742 343 809 evanescat,
358 728 433 797 culm
444 744 549 797 tamen
563 732 674 797 eadem
687 754 761 797 cusu
782 732 949 819 posteriori
970 731 1103 799 multum
1125 731 1255 797 excedat
1276 731 1338 795 vim
1360 732 1450 799 Solis.

167 838 234 904 Sed
253 860 339 918 mox,
362 839 436 906 otim
455 842 585 907 silemus
605 843 767 929 utriunque
785 841 910 930 generis
931 838 1111 929 diligentius
1129 840 1309 909 evolvemus
1328 852 1361 905 et
1379 863 1452 925 per·

165 946 350 1031 pendemua
365 949 440 1013 sads
453 948 591 1013 dilucidi
603 949 732 1033 patebit,
747 970 802 1013 eos
822 949 905 1013 inter
919 969 953 1013 se
967 945 1102 1013 maxime
1115 945 1311 1031 discrepare
1326 959 1418 1033 atque
1433 970 1453 1014 a

163 1058 207 1133 vi,
223 1080 295 1143 quoe
309 1058 342 1121 in
356 1059 533 1125 universam
547 1059 681 1125 Terram
697 1059 861 1125 minimum
876 1069 984 1124 exerat
994 1057 1150 1136 effectum,
1165 1058 1335 1125 maximam
1346 1072 1451 1125 tamen

162 1164 366 1250 agitationem
379 1164 517 1247 partium
530 1164 643 1229 Terrae
655 1165 738 1230 iuter
750 1188 785 1230 se
798 1164 876 1229 oriri
892 1186 986 1249 posse
999 1176 1031 1229 et
1045 1164 1190 1229 vicissim.

207 1276 233 1353 t.
249 1278 300 1339 rt.
322 1270 377 1337 ad
389 1270 479 1337 illum
492 1283 595 1337 autem
611 1272 724 1337 barum
738 1273 852 1341 urium
865 1271 1020 1350 effectum,
1040 1271 1094 1357 qui
1106 1270 1141 1335 in
1155 1270 1364 1337 mmmotione
1376 1292 1450 1355 par·

162 1379 244 1443 tium
265 1379 377 1444 Terroe
397 1380 481 1445 inter
500 1403 535 1446 se
556 1382 706 1461 consistit,
729 1382 974 1469 dijudicandrun,
998 1394 1071 1447 ante
1098 1382 1203 1447 omrria
1223 1380 1323 1467 probi
1348 1382 1450 1449 notari

163 1501 301 1573 oportet,
324 1491 351 1553 si
372 1490 505 1577 singulm
527 1489 638 1556 Terras
658 1504 763 1578 partes
784 1493 902 1559 'viribus
924 1493 1096 1581 aequalibus
1118 1506 1151 1561 et
1172 1494 1207 1557 in
1228 1491 1449 1559 directionibus

161 1597 250 1661 inter
264 1618 299 1662 se
311 1598 468 1682 parallelis
482 1596 696 1680 solidentur,
705 1624 746 1667 eo
759 1622 834 1667 casu
847 1602 966 1667 nullam
981 1606 1110 1671 omuino
1121 1602 1364 1669 commotionem
1377 1622 1450 1686 pau·

161 1708 244 1771 tium
260 1708 347 1788 oriri,
361 1708 482 1775 etiamsi
496 1712 560 1776 sint
572 1712 709 1777 maxnnt
721 1712 827 1777 tluidae
841 1712 991 1799 nulloque
1004 1710 1130 1779 vinculo
1144 1712 1276 1778 invicem
1288 1732 1449 1787 00an

162 1815 222 1885 scd
236 1828 339 1882 totum
360 1819 474 1883 virium
495 1819 639 1884 effectum
660 1820 695 1885 in
716 1821 840 1908 integro
854 1833 975 1885 tanturn
989 1842 1122 1907 corpore
1136 1819 1291 1885 movendo
1306 1840 1449 1883 cousum-

161 1936 232 1988 tum
245 1925 303 2000 iri3
324 1924 455 2011 perinde
469 1928 547 1991 acsi
561 1939 661 1991 totum
676 1926 787 1991 Terrae
800 1950 916 2013 corpus
929 1930 978 1995 sel
992 1930 1025 1993 in
1040 1930 1134 1995 numo
1147 1940 1266 2014 puncto
1279 1940 1362 1993 esset
1375 1950 1450 1993 con-

164 2035 284 2111 flatum,
307 2035 359 2098 vel
380 2058 421 2100 ex
441 2036 571 2101 mutarit
594 2036 772 2102 firmissime
792 2038 875 2103 inter
896 2060 930 2104 se
951 2038 1092 2105 muneri
1106 2050 1273 2105 constaret.
1320 2036 1371 2105 nx
1384 2058 1450 2123 quo

165 2143 365 2207 manifestum
387 2157 434 2209 est
455 2158 561 2230 partes
576 2144 688 2210 Terrm
703 2146 812 2210 saltem
826 2148 948 2226 fluidas,
972 2170 1043 2234 quae
1064 2146 1182 2213 viribus
1197 2146 1310 2213 cedem
1323 2160 1468 2233 queant,

161 2254 246 2317 inter
271 2276 305 2318 se
328 2258 519 2321 commoveri
542 2278 607 2321 nou
630 2278 733 2343 pome,
759 2258 820 2323 nisi
845 2282 865 2323 a
889 2259 1006 2323 viribus
1031 2256 1233 2322 dissimilibus
1258 2269 1448 2344 urgeaumra

162 2374 259 2447 atque
279 2363 361 2429 hanc
383 2365 424 2429 ob
446 2386 513 2429 rem
533 2388 598 2430 non
613 2367 798 2455 magnitudo
810 2368 924 2432 virium
944 2381 1050 2454 partes
1072 2368 1185 2433 Terroe
1206 2368 1449 2444 sollicitantium,

162 2468 221 2534 sed
234 2468 339 2553 potiris
354 2470 583 2550 dissimilitudo,
599 2473 660 2559 qui
674 2471 748 2537 culm
762 2475 941 2560 quantitatis
961 2472 1028 2539 tdrn
1042 2473 1220 2538 directionis
1234 2474 1355 2539 ratione
1368 2474 1451 2541 inter

162 2600 198 2641 se
212 2578 400 2664 discrepant,
414 2602 487 2644 eum
502 2580 656 2660 effectum,
679 2604 742 2669 quo
756 2584 832 2647 sims
845 2584 982 2669 partium
998 2598 1123 2649 mutuus
1144 2582 1353 2669 perturbetur,
1375 2604 1449 2669 pro-

30 2737 32 2742 .
161 2684 259 2751 ducit
305 2688 356 2752 Ita
380 2688 426 2753 vis
452 2690 544 2767 Solis,
569 2690 627 2755 etsi
652 2702 700 2755 est
724 2690 871 2769 maxima,
897 2704 1002 2759 tamen
1028 2693 1069 2756 ob
1092 2692 1246 2778 insignem
1272 2692 1449 2759 distantiam

158 2806 267 2879 partes
282 2794 393 2861 Terrae
407 2794 473 2861 ferd
487 2795 648 2884 aequaliter
663 2796 766 2875 afficit,
782 2795 892 2861 contri
906 2796 981 2861 verb
995 2798 1042 2862 vis
1058 2798 1159 2862 Lunae
1174 2798 1215 2861 ob
1234 2798 1448 2883 propinquita-

160 2915 227 2967 tem
242 2900 412 2967 admoddm
427 2902 641 2989 inaequaliterr
663 2902 747 2967 unde
762 2926 781 2967 a
796 2902 888 2967 Luni
904 2902 1003 2969 multb
1018 2905 1117 2989 major
1130 2904 1257 2991 agitatio
1272 2903 1380 2969 oceani
1400 2924 1448 2967 re·

162 3008 270 3086 sultat,
297 3006 391 3095 quam
413 3032 433 3073 a
457 3010 540 3088 Sole,
568 3010 706 3096 quamvis
725 3032 763 3074 ca
787 3010 843 3088 vis,
868 3032 938 3097 quae
959 3010 1001 3075 ad
1025 3010 1129 3075 Solem
1152 3010 1261 3088 tendit,
1285 3010 1449 3098 insigniter

160 3120 263 3204 major
286 3120 326 3184 sit
349 3119 446 3185 alteri
471 3120 597 3185 Lunum
620 3120 815 3203 respiciente.
870 3120 977 3205 Atque
1006 3119 1070 3185 hoc
1099 3132 1193 3203 pacto
1221 3118 1350 3187 dubium
1375 3118 1447 3185 anto

159 3225 291 3289 nllnturn
314 3223 455 3289 funditus
480 3224 608 3302 tollitur,
634 3222 758 3309 hocque
781 3222 885 3288 adhuc
910 3223 1033 3309 planius
1062 3222 1127 3301 fiet,
1157 3224 1184 3287 si
1213 3206 1387 3309 utriusque'
1401 3226 1447 3287 sis

160 3331 289 3399 effectus
305 3332 346 3396 ad
360 3332 513 3397 calculum
527 3332 751 3396 revocabimus.

205 3448 229 3526 t.
247 3452 298 3507 18.
321 3442 373 3506 Ad
398 3441 640 3529 inequalitatem
664 3440 759 3528 igitur
780 3442 894 3505 uirium
917 3440 1029 3526 quibus
1051 3440 1184 3529 singulm
1206 3438 1319 3505 Terrae
1342 3452 1445 3523 partas

159 3550 212 3617 vel
235 3573 256 3613 a
279 3548 352 3613 Sole
374 3550 424 3613 vel
446 3572 466 3613 a
488 3549 581 3613 Luna
602 3548 815 3626 sollicitantur,
839 3546 1060 3623 deliniendam,
1083 3558 1155 3610 ante
1169 3545 1274 3609 omnia
1288 3546 1360 3623 viru,
1384 3546 1445 3631 qud

160 3657 306 3722 universa
320 3654 432 3734 Terra,
455 3656 481 3719 si
503 3656 537 3719 in
558 3676 614 3719 suo
636 3666 743 3720 centro
763 3651 924 3742 gradmtm
938 3664 1018 3719 esset
1032 3664 1240 3729 concontrata
1261 3652 1443 3729 afficerem,

159 3767 360 3831 determinari
374 3778 508 3852 oportet,
529 3766 660 3853 batque
674 3778 722 3830 est
735 3786 774 3829 ca
787 3765 854 3849 ipsa
867 3764 924 3843 vis,
947 3784 1019 3849 qum
1032 3762 1145 3830 Terras
1161 3775 1281 3830 motum
1300 3780 1444 3848 progres-

159 3874 260 3938 sivum
274 3876 309 3939 in
320 3898 379 3939 sua
390 3874 494 3941 orbita
507 3874 634 3961 respicit
647 3888 680 3941 et
693 3874 816 3951 turbat3
838 3870 952 3938 deindd
966 3870 1192 3959 dispiciendum
1210 3883 1266 3949 est,
1293 3869 1445 3955 quantiam

159 3980 252 4061 viros,
275 3982 391 4068 quibus
416 3982 549 4071 singulm
573 3980 683 4047 Terroe
707 3994 813 4069 pertas
837 3992 1000 4070 urgentur,
1026 3977 1091 4045 tim
1119 3980 1239 4043 ratione
1265 3978 1444 4064 quantitatis

159 4091 255 4179 quim
269 4092 449 4157 directionis
463 4092 504 4156 ab
526 4090 578 4155 illri
592 4092 625 4156 vi
645 4091 733 4157 totali
747 4090 934 4177 discrepent.
980 4088 1077 4165 Quod
1091 4086 1118 4153 si
1132 4088 1216 4153 enirn
1230 4086 1318 4152 nulla
1331 4086 1444 4173 depre-

155 4200 314 4265 hendatur
328 4200 514 4277 differentia,
536 4212 641 4285 partes
661 4220 788 4286 quoque
805 4198 936 4285 singule
950 4196 1045 4261 situm
1066 4214 1159 4261 suum
1179 4193 1342 4265 rdctivum
1363 4194 1444 4261 inter

158 4331 193 4375 se
220 4310 398 4375 retinebunt
405 4332 415 4387 3
448 4320 481 4375 at
503 4308 567 4397 qud
591 4310 692 4395 major
715 4309 776 4375 erit
800 4307 975 4373 differentia
1000 4307 1081 4371 inter
1105 4306 1186 4369 vires
1211 4305 1279 4369 illas
1305 4304 1442 4393 singulas

158 4429 264 4503 partes
278 4417 488 4496 sollicitantes,
504 4416 546 4480 ed
559 4418 657 4507 magis
672 4438 719 4481 eoe
732 4417 813 4480 inter
824 4438 857 4480 se
868 4414 1155 4492 commovebuntur,
1172 4414 1265 4479 situm
1281 4414 1442 4479 relativum

156 4528 388 4612 permutabunt.
433 4528 473 4592 ln
493 4527 554 4592 hac
575 4540 680 4593 autem
705 4528 952 4614 investigatione,
977 4524 1071 4589 sirnul
1096 4526 1256 4613 gratimus
1281 4526 1441 4599 naturalis,

158 4634 221 4723 qui
243 4636 347 4700 omnia
369 4656 502 4723 corpora
522 4634 629 4700 vernis
651 4648 792 4701 oenuum
814 4634 925 4699 Terroe
947 4632 1089 4711 tendunt,
1116 4612 1195 4698 ratio
1216 4646 1263 4697 est
1281 4630 1443 4705 hahendu;

156 4743 229 4837 baec
252 4746 338 4809 enirn
362 4746 410 4809 vis
433 4747 466 4809 in
490 4768 584 4810 cansa
608 4757 664 4822 est,
691 4743 775 4830 qubd
799 4743 996 4829 quantumvis
1020 4742 1102 4807 vires
1129 4742 1209 4809 Solis
1231 4754 1263 4805 et
1284 4740 1385 4803 Lunae
1407 4737 1441 4799 in

775 4850 824 4901 ‘1¹3
