3384 5459
258 406 321 467 258
508 403 776 480 INQUISITIO
801 406 1005 476 PHYSICA
1027 410 1078 476 IN
1101 412 1296 479 CAUSAM

257 572 387 640 diversis
410 574 521 639 Terrae
541 562 721 665 regionibus
743 580 806 643 sint
825 581 1005 669 inequales,
1027 584 1192 671 aequilibrii
1205 599 1311 651 temen
1325 598 1423 653 stetus
1437 590 1539 666 detur,
1567 554 1573 567 Ι

257 680 378 767 inquo
403 693 506 765 partes
531 682 657 747 tandem
683 685 815 769 singuloe
838 688 1066 774 conquiescant,
1092 693 1369 779 nequeperpelud
1397 695 1479 761 inter
1507 718 1541 761 ee

259 790 370 875 agitari
393 803 535 877 pergent.
581 792 687 878 Atque
709 792 790 883 hunc
815 794 858 857 ob
881 817 948 859 rem
973 796 1102 884 singule
1128 798 1239 863 Terroe
1267 814 1369 884 pertee
1392 825 1412 865 e
1441 799 1539 869 tribue

255 896 372 960 viribus
399 898 573 962 sollicitate
596 892 787 963 considerari
813 900 982 980 debebunt,
1007 904 1109 987 primo
1134 907 1252 971 scilicet
1274 916 1294 971 e
1317 910 1445 993 proprii
1467 932 1539 997 gre·

259 1002 361 1079 vitate,
385 1002 446 1089 qui
468 1002 585 1067 directe
606 1004 753 1069 deorsum
773 1006 932 1083 nituntur3
954 1007 1031 1073 tum*
1044 1010 1119 1075 verd
1133 1034 1153 1075 e
1166 1014 1209 1091 vi,
1233 1014 1293 1099 qul
1308 1016 1350 1079 ed
1365 1016 1539 1081 Solem-ur·

253 1117 378 1197 genter,
403 1130 440 1171 ac
463 1108 555 1172 tertid
579 1131 598 1173 a
620 1110 652 1172 vi
675 1108 784 1174 vereris
807 1111 932 1175 Lunam
953 1113 1089 1191 directd3
1110 1116 1223 1202 haeque
1244 1132 1306 1183 tres
1324 1121 1415 1199 vires,
1435 1126 1538 1209 cujus·

254 1213 344 1278 modi
358 1212 568 1298 phaenomena
582 1217 691 1303 quovis
706 1228 845 1300 tempore
863 1218 896 1281 in
910 1219 1050 1302 pertibus
1066 1220 1177 1287 Terrae
1191 1224 1294 1291 fluidis
1315 1227 1456 1313 gignant,
1478 1232 1538 1297 erit

251 1320 512 1409 investigandum.
969 1384 972 1394 .
1226 1372 1237 1405 -,
1552 1356 1555 1361 ·

293 1434 319 1511 t.
342 1438 392 1494 19.
427 1428 503 1506 Qud
526 1431 623 1517 igitur
647 1434 711 1496 vim
734 1431 872 1508 totalem,
899 1430 960 1517 qud
987 1430 1089 1498 Terre
1114 1435 1164 1500 vel
1189 1460 1209 1500 e
1233 1438 1306 1502 Sole
1329 1440 1378 1503 vel
1402 1463 1424 1521 e
1444 1442 1535 1508 Luni

250 1548 390 1623 urgetur,
416 1537 611 1617 definiemus,
641 1540 875 1603 consideremus
903 1538 1043 1623 primum
1060 1544 1281 1630 'peripheriem
1306 1547 1415 1613 circuli
1446 1549 1485 1613 M
1503 1550 1535 1615 N

250 1659 460 1733 tunquamex
477 1648 613 1713 meterid
625 1646 821 1737 homogenei
835 1668 931 1711 con··

247 1754 364 1830 flatum,
380 1756 468 1839 cujus
482 1767 591 1827 centro
606 1754 634 1819 P
648 1754 834 1819 verticaliter
847 1755 907 1817 im·

248 1861 366 1925 mineat
381 1861 436 1926 Sol
449 1860 499 1925 vel
514 1861 655 1928 Lune‘in
667 1864 701 1940 S,
716 1862 762 1925 ite
772 1873 807 1924 ut
820 1873 907 1925 recte

250 1970 279 2033 P
294 1970 318 2035 S
336 1969 378 2035 ed
398 1970 528 2053 plenum
542 1971 649 2035 circuli
672 1971 713 2035 M
728 1971 761 2035 N
782 1970 821 2033 sit
834 1988 906 2053 per·

246 2078 466 2163 pendiculuris.
507 2080 556 2145 Sit
568 2080 677 2145 eirculi
691 2080 784 2166 hujus
798 2078 905 2143 rediue

249 2183 435 2271 PM=y,
458 2186 845 2265 etdisuntiasP=x,
869 2207 906 2250 ec

246 2290 295 2353 vis
309 2290 373 2353 sive
389 2290 471 2355 Solis
481 2293 546 2359 sive
557 2292 659 2360 Lunee
670 2293 811 2359 absolute
825 2318 861 2352 :1
872 2292 905 2356 S.
954 2262 995 2390 ἵ

238 2397 313 2462 ⁴His
320 2398 429 2480 positis
437 2398 623 2472 elementum
631 2400 818 2485 peripheriee
828 2400 906 2465 Mrn

245 2505 379 2589 pelletur
403 2505 445 2569 ed
469 2507 493 2572 S
520 2508 555 2571 in
580 2507 751 2572 directione
777 2506 906 2575 MSvi

570 2614 594 2677 S
787 2616 810 2680 S

537 2701 635 2777 M‘Se
653 2700 685 2734 ²
706 2736 730 2777 x
743 2736 767 2777 x
787 2726 819 2789 ÷
837 2698 904 2801 yy’

244 2816 345 2901 positi
360 2817 432 2882 crim
442 2821 474 2883 vi
486 2820 645 2908 gravitatis
656 2820 804 2883 naturalis
815 2814 847 2882 in
860 2819 1025 2905 superficie
1036 2818 1147 2881 Terrae
1163 2840 1195 2876 =
1214 2825 1242 2895 1,
1255 2816 1426 2883 tumetium
1438 2820 1529 2883 semi·

244 2926 530 3000 diametroTerrae
556 2954 588 2989 =
617 2938 656 2992 1:
682 2940 776 3013 etque
795 2927 878 2993 hunc
898 2928 940 2994 ob
962 2949 1028 2993 rem
1051 2926 1241 2989 elementum
1264 2924 1304 2989 M
1318 2947 1352 2991 rn
1372 2928 1481 2991 versus
1505 2930 1528 2993 S

242 3075 360 3139 nitetur
380 3076 411 3140 vi
431 3100 463 3135 =
484 3040 663 3141 Q
709 3077 898 3143 Resolvetur
911 3079 980 3141 haec
993 3077 1040 3141 vis
1061 3074 1198 3137 inbinos
1220 3074 1371 3153 laterales,
1396 3098 1526 3162 querum

481 3160 504 3199 x
514 3160 537 3202 x

242 3245 369 3309 ulterius
383 3245 514 3309 directio
528 3141 620 3310 cidit
627 3164 671 3309 in
694 3248 734 3313 M
750 3248 787 3325 P,
810 3248 937 3313 alterius
950 3247 1025 3311 γετὸ
1040 3248 1080 3310 sit
1092 3245 1242 3332 parallelo
1255 3247 1420 3313 directioni
1443 3250 1471 3314 P
1485 3250 1525 3325 S;

241 3367 334 3442 etque
360 3355 486 3419 evidens
511 3354 576 3424 erit
594 3355 676 3419 vires
701 3377 809 3419 omnes
832 3354 917 3423 MP
939 3377 997 3440 per
1016 3367 1113 3418 totam
1134 3352 1344 3437 peripheriam
1365 3379 1398 3421 se
1415 3354 1524 3420 mutuo

239 3462 410 3538 destruere,
427 3460 595 3527 alterarum
611 3460 686 3525 verd
700 3462 835 3525 mediam
850 3462 1053 3527 directionem
1068 3458 1179 3523 cedere
1194 3460 1227 3522 in
1248 3460 1276 3524 P
1292 3462 1325 3539 S,
1348 3484 1386 3526 oc
1400 3464 1461 3526 vim
1476 3462 1524 3525 his

240 3574 386 3662 omnibus
401 3572 637 3657 aequivalentem
651 3572 761 3637 iisdem
776 3573 966 3657 conjunctim
982 3571 1090 3636 sumtis
1099 3568 1165 3634 fore
1176 3568 1338 3655 aequalem.
1364 3571 1522 3635 Trahetur

1318 3681 1371 3745 Sx
1388 3692 1413 3743 Χ
1431 3678 1509 3742 Mur

245 2648 461 2715 ecoeleratrice
481 2676 513 2711 =

238 3730 343 3783 eutem
357 3717 546 3783 elementum
562 3718 601 3782 M
614 3741 647 3782 m
662 3722 695 3784 in
709 3718 881 3784 directione
901 3718 960 3803 ipsi
983 3718 1011 3782 P
1027 3718 1050 3782 S
1064 3716 1299 3802 paralleled:

1509 3761 1520 3793 2

1328 3802 1378 3843 xx

236 3892 320 3955 unde
333 3888 436 3976 posili
451 3891 573 3957 ratione
587 3893 670 4001 redp'
680 3894 721 3957 ed
734 3890 945 3978 peripherieur
965 3912 997 3951 =
1019 3898 1034 3953 l
1057 3907 1067 3955 t
1088 3915 1109 3951 n
1121 3900 1188 3954 toto
1201 3784 1369 3953 circuli(M
1385 3778 1520 3971 ἓξὲ-

233 3998 353 4082 pheria,
376 4018 448 4087 quae
469 3998 580 4063 erit:
600 4025 620 4061 e
633 4024 664 4087 y,
680 3999 843 4089 urgebitur
864 4020 920 4062 seu
940 3996 1028 4083 quusi
1049 3996 1215 4083 gravitebit
1229 3992 1337 4059 versus
1360 3994 1384 4059 S
1404 3992 1438 4056 in
1451 3990 1518 4077 ipsi

233 4146 404 4211 directione
420 4146 533 4259 PSvi
549 4173 581 4207 =
598 4112 847 4295 (κζ-ἵκῃ.
906 4144 964 4211 Vis
993 4156 1096 4209 eutem
1129 4142 1330 4209 ecceleretrix
1358 4144 1421 4228 quii
1450 4141 1520 4205 haec

230 4314 409 4402 peripheria
429 4316 536 4381 circuli
557 4316 667 4383 versus
692 4319 716 4381 S
737 4316 961 4394 sollicitabitur,
983 4315 1132 4402 prodibit,
1155 4316 1181 4381 si
1196 4316 1241 4379 vis
1255 4314 1372 4381 motrix
1392 4314 1518 4378 invente

1365 4425 1388 4489 S
1401 4446 1425 4486 x

231 4465 387 4532 dividetur
400 4488 458 4552 per
471 4488 606 4572 meesem
620 4466 816 4543 movendum,
827 4488 901 4552 quee
910 4477 958 4530 est
971 4489 1003 4523 =
1019 4490 1039 4525 e
1048 4486 1079 4549 y,
1096 4464 1215 4551 eritque
1231 4484 1263 4521 =
1281 4530 1316 4609 (x
1324 4548 1348 4588 x
1361 4534 1393 4601 4
1407 4524 1470 4610 Π)
1484 4528 1501 4600 ,ἃ

277 4642 301 4717 l.
318 4644 369 4702 20.
394 4635 470 4703 Hoc
490 4636 663 4724 praenusso,
686 4636 933 4721 contemplemur
954 4633 1151 4719 superficiem
1173 4631 1355 4719 sphaerioem
1376 4629 1515 4717 genitam
