3384 5459
550 412 614 481 ET
636 411 891 481 REFLUXUS
914 411 1073 479 MARIS.
1390 424 1448 479 241

351 771 355 776 ᾖ
453 674 738 744 PROPOSITIO
758 673 1172 744 VIII.-PROBLEMA.

198 844 341 937 immite
354 873 553 937 variationem
566 872 702 937 acconen
719 893 807 957 aquoe
821 874 855 935 in
870 872 967 953 Prop.
988 872 1018 935 V
1028 872 1156 955 definiti,
1182 892 1248 955 quae
1262 894 1299 937 ea
1308 871 1416 957 figurat

569 983 604 1047 T
598 1003 677 1045 errae
689 977 890 1066 sptaerotoico
898 982 1051 1063 provenit.

208 1172 278 1238 Sint
302 1174 330 1237 P
352 1172 383 1237 A
404 1196 468 1259 pe,
496 1173 524 1237 P
546 1172 576 1237 B
597 1196 620 1259 p
640 1173 663 1237 b
684 1175 837 1239 sectiones
860 1172 971 1239 Terrae
992 1196 1050 1259 per
1071 1174 1161 1261 polos
1184 1174 1257 1238 Pet
1271 1197 1302 1261 p,
1320 1196 1452 1261 querum

142 1281 250 1367 'prior
276 1293 413 1345 transeat
432 1301 490 1365 per
511 1280 580 1344 loca
603 1278 634 1343 A
656 1291 687 1343 et
708 1304 737 1357 a,
759 1281 815 1343 ubi
836 1282 969 1345 altitudo
991 1304 1081 1369 aquae
1103 1282 1136 1344 in
1157 1296 1315 1367 oequatore
1334 1280 1451 1346 viribus

163 1387 245 1453 Solis
260 1401 292 1451 et
307 1387 408 1451 Lunae
422 1386 459 1450 fit
472 1385 618 1464 maxima,
636 1386 791 1471 posterior
805 1409 863 1473 per
877 1387 946 1451 loca
969 1387 997 1452 B
1013 1386 1080 1451 etb

160 1492 216 1555 ubi
238 1492 273 1556 fit
288 1492 417 1555 minima
423 1516 433 1567 3
457 1473 583 1555 sinihae
598 1492 748 1556 sectiones
763 1492 918 1577 ellipticae,
941 1492 969 1557 F
988 1491 1075 1557 focus

1243 1480 1277 1525 A

160 1600 274 1689 figurae
297 1600 324 1665 P
347 1603 377 1666 A
399 1624 466 1687 pa,
490 1600 507 1663 f
526 1600 614 1665 focus
636 1601 779 1665 sectionis
806 1600 879 1665 PB
901 1622 922 1684 p
942 1601 974 1677 b,
1002 1613 1033 1663 et
1053 1623 1076 1687 g
1152 1552 1401 1954 μὴ

159 1712 249 1775 focus
263 1710 566 1775 sectionis'ABab.
598 1710 641 1774 Et
656 1710 683 1774 si
696 1732 803 1773 omnes
817 1710 969 1773 sectiones
985 1708 1075 1772 solidi
1136 1802 1139 1811 Δ

1276 1784 1330 1928 ῃ

159 1842 218 1905 per
239 1832 356 1884 rectem
378 1819 409 1884 A
431 1843 450 1884 a
472 1832 666 1885 transeuntes
692 1832 908 1904 supponantur
932 1818 1075 1905 ellipticoe
1158 1813 1280 1957 Δὶ

159 1925 281 1989 calculo
299 1926 377 1989 inito
398 1948 459 2011 ope
482 1926 654 1990 Lemmetis
680 1924 721 1989 V.
745 1926 919 1989 invenimus
939 1924 1074 2013 gravits·
1118 1944 1147 1991 Ρ
1161 1955 1243 2075 Ὶ

157 2045 223 2096 tem
244 2035 278 2095 in
299 2032 369 2095 loco
393 2032 423 2096 A
445 2031 552 2096 versis
574 2032 708 2096 solidum
722 2031 784 2095 hoc
798 2031 864 2095 fore
879 2030 919 2095 ed
939 2030 1074 2119 gravita-

159 2151 224 2201 tem
246 2138 278 2201 in
301 2138 411 2202 eodem
431 2136 502 2201 loco
522 2135 630 2201 versus
644 2137 799 2221 sphaeram
813 2150 922 2201 centro
939 2138 967 2202 C
982 2158 1075 2223 super
1156 1941 1304 2312 x}

157 2286 347 2354 diametrum
362 2288 423 2356 Aa
436 2286 624 2372 descriptam
639 2296 701 2353 utl
721 2296 754 2363 4·
769 2244 1082 2413 Ἥ

163 2508 198 2577 4
219 2456 1243 2625 9CF⁴4⁶C553XAQ²4908⁴,8techBCfiqP3
1262 2496 1451 2583 etsigrovi-

157 2682 207 2733 tas
229 2669 262 2732 in
282 2669 354 2732 loco
375 2666 416 2744 B,
441 2666 609 2729 definietur
630 2666 723 2729 simili
744 2668 874 2746 calculo,
891 2692 952 2754 ope
967 2667 1106 2754 ejusdem
1122 2666 1292 2730 Lemmatis
1308 2679 1338 2730 et
1353 2666 1450 2731 schol.

158 2780 257 2865 Prop.
269 2777 314 2842 ΙΙ.
330 2776 484 2841 constabit
499 2775 578 2839 ratio
592 2777 751 2861 gravitatis
766 2777 798 2839 in
811 2779 842 2841 A
854 2778 894 2842 ad
908 2778 1091 2865 gravitatem
1105 2776 1138 2837 in
1156 2775 1194 2851 B,
1211 2786 1242 2838 et
1256 2795 1312 2858 per
1329 2772 1403 2837 Cor.
1417 2782 1448 2839 2.

159 2885 256 2974 Prop.
274 2888 301 2952 l.
317 2887 490 2950 innotescet
504 2884 817 2951 semi-diametrorum
835 2888 863 2953 C
877 2889 907 2952 A
919 2901 950 2951 et
963 2888 990 2951 C
1003 2886 1031 2953 B
1043 2884 1218 2949 differentia
1230 2886 1293 2949 sive
1304 2908 1450 2952 ascensus

158 3017 258 3079 aquae.
302 2990 423 3057 Verium
439 2990 594 3056 calculum
608 2992 716 3077 utpote
731 2996 889 3079 prolixum
904 2996 1085 3073 omittimus,
1103 2988 1173 3058 cisni
1191 2994 1229 3057 sit
1244 2996 1349 3083 exigui
1365 2996 1448 3061 usin.

159 3103 237 3168 Htc
260 3102 478 3189 Propositione
499 3102 664 3166 ostendere
679 3103 800 3168 tentirm
815 3107 900 3170 volui
921 3107 1126 3195 geometriam
1141 3106 1231 3170 nobis
1246 3130 1310 3171 non
1325 3107 1450 3173 defutu-

157 3236 226 3279 ram
246 3214 280 3277 in
303 3213 502 3277 Problemate
523 3211 727 3275 celeberrimo
748 3214 977 3279 accuratissimi
998 3215 1170 3291 tractando.
1213 3214 1334 3279 Verdm
1354 3228 1451 3281 restat

157 3321 338 3407 praecipuus
352 3321 386 3383 in
399 3318 460 3382 hnc
474 3317 687 3403 disquisitione
701 3320 814 3399 nodus,
831 3321 872 3385 de
886 3345 949 3409 quo
965 3344 1065 3406 pauca
1080 3335 1151 3387 sunt
1165 3320 1317 3385 addenda.

458 3554 745 3622 PROPOSITIO
769 3552 1149 3623 lX.-PROBLEMA.

457 3752 600 3819 Invenire
613 3757 673 3818 vim
687 3754 787 3819 Lunae
803 3756 847 3817 ad
862 3778 945 3821 mare
964 3756 1145 3817 mooerrdom.

203 3945 287 4010 Hoec
309 3967 350 4009 ex
371 3947 507 4011 motibus
522 3947 700 4012 coelestibus
715 3947 820 4035 colligi
840 3949 959 4033 nequit,
976 3945 1091 4011 siverit
1107 3944 1285 4009 conferetur
1300 3960 1447 4005 ascensus

157 4030 248 4140 oquae
271 4053 305 4114 in
328 4055 461 4141 syzygiis¹
486 4055 696 4131 luminarium,
724 4056 778 4140 qui
807 4078 849 4121 ex
878 4054 998 4119 summi
1029 4053 1141 4119 virium
1173 4051 1255 4117 Solis
1285 4063 1318 4115 et
1346 4050 1448 4115 Lunae

156 4170 339 4246 generetur,
362 4180 436 4222 cum
456 4160 596 4244 ejusdem
618 4182 748 4224 ascensu
771 4163 804 4223 in
826 4162 1033 4248 quadraturis,
1050 4162 1103 4246 qui
1118 4182 1158 4224 ex
1174 4158 1345 4223 earundem
1359 4158 1449 4223 diffe-

157 4268 259 4333 rentia
272 4269 382 4346 oritur,
399 4290 439 4331 ex
454 4270 485 4330 vi
501 4270 582 4333 Solis
595 4292 654 4354 per
670 4270 766 4353 Prop.
783 4271 823 4333 V.
839 4270 923 4348 date,
943 4270 1116 4333 invenietur
1132 4269 1178 4331 vis
1195 4268 1307 4332 Lunae.
1353 4267 1449 4331 Hanc

156 4378 271 4463 quaerit
292 4377 466 4441 Newtonus
487 4400 527 4441 ex
548 4378 814 4442 observationibus
829 4402 848 4441 a
865 4380 948 4443 Sam.
967 4378 1106 4442 Sturmio
1121 4388 1194 4439 ante
1208 4378 1324 4440 ostium
1347 4375 1450 4439 Fluvii

158 4488 282 4551 Avonae
304 4486 462 4564 institutis,
486 4508 527 4549 ex
548 4487 660 4574 quibus
676 4488 794 4575 colligit
809 4510 970 4551 ascensum
986 4510 1076 4573 aquae
1094 4488 1126 4549 in
1142 4488 1274 4573 syzygiis
1291 4486 1449 4571 aequinoc-

155 4597 283 4662 tialibus
305 4620 373 4661 esse
394 4598 435 4661 ad
457 4620 618 4662 ascensum
633 4622 723 4683 aquoe
744 4599 777 4661 in
792 4598 989 4684 quadraturis
1004 4598 1124 4675 iisdem,
1147 4611 1182 4661 ut
1198 4608 1216 4662 9
1233 4598 1272 4661 ad
1289 4606 1319 4661 5.
1363 4592 1449 4658 Dein

156 4719 230 4791 post
242 4708 346 4773 varios
361 4708 499 4773 calculos
515 4707 675 4772 concludit
689 4708 752 4771 vim
765 4708 866 4772 Lunae
875 4730 943 4772 esse
954 4706 994 4771 od
1005 4707 1069 4771 vim
1085 4707 1178 4784 Solis,
1193 4718 1228 4769 ut
1238 4713 1353 4769 acels
1367 4702 1406 4765 ad
1421 4710 1449 4777 1,

263 4806 267 4811 ’
779 4813 797 4860 s
813 4819 829 4861 a
