3384 5459
594 771 1085 849 INQUISITIOPHYSICA

743 1047 777 1087 iii
798 1045 917 1087 CAUSA!

366 1268 606 1348 FLUXUS
634 1272 714 1347 Ac
746 1269 1068 1347 REFLUXUS
1096 1270 1303 1347 MARIS.

244 1549 277 1599 Δ,
291 1549 363 1598 D-D.
377 1548 511 1605 EULEB,
528 1545 893 1595 MATHEMATICARUM
911 1544 1155 1602 Pnomssonn,
1174 1544 1197 1591 E
1216 1540 1422 1591 sommant:

350 1668 558 1720 scamma:
575 1669 798 1719 menelaus
817 1665 1320 1719 SANCTIAEETERSBURGENSIS.

541 2040 591 2086 Cur
600 2052 666 2085 nunc
676 2038 756 2086 declivi
767 2036 886 2085 nuimtur
896 2038 974 2083 littora
982 2044 1061 2098 punto,

589 2123 696 2169 Auratis
706 2129 794 2169 tument
804 2137 871 2169 nunc
881 2122 953 2169 muris
964 2123 1029 2169 unda
1037 2122 1126 2183 fretis,

538 2211 608 2259 Dum
617 2217 688 2257 m
702 2210 791 2255 meniu
801 2217 913 2255 naturam
923 2209 1014 2254 comto
1025 2222 1105 2253 rerum
1115 2225 1124 2254 .·

592 2293 670 2347 ouem
677 2296 786 2360 proculve
801 2296 878 2340 Terris
888 2286 966 2340 abdita
979 2309 1049 2340 causa
1061 2294 1114 2339 tuter
1125 2295 1136 2337 Ι

540 2384 573 2432 In
583 2384 657 2430 Solem
669 2383 809 2443 Larumque
816 2382 892 2445 strar.
928 2383 952 2428 Si
960 2383 1071 2441 plauditis
1081 2396 1154 2435 autor

587 2473 667 2519 Sidera
678 2472 770 2517 sublimi
779 2470 860 2517 amia
870 2485 962 2517 tuntum
975 2478 1059 2529 petunt·

623 2834 797 2911 CAPUT
823 2832 1051 2911 PRIMUM.

332 3108 339 3121 ‚
375 3030 436 3105 De
451 3032 556 3105 causei
572 3030 708 3105 Florus
726 3056 766 3103 oc
781 3028 951 3125 Refiunzis
967 3030 1141 3103 Maricio
1156 3053 1295 3125 genere.

194 3239 218 3316 §.
236 3244 264 3299 1.
282 3209 441 3306 Onnum
463 3234 675 3311 mutationem,
699 3254 769 3321 quae
788 3237 821 3299 in
841 3232 1024 3320 emporibus
1039 3236 1151 3313 evenit,
1172 3236 1220 3300 vel
1238 3235 1279 3299 ab
1292 3233 1358 3319 ipsi
1374 3234 1477 3299 motta

196 3345 428 3407 conservatione
449 3340 615 3426 proficisci,
641 3341 689 3404 vei
710 3366 730 3405 a
743 3342 861 3406 viribus
883 3355 1003 3406 motum
1024 3342 1253 3429 generantibus,
1275 3341 1337 3404 hoc
1351 3340 1477 3426 quidem

195 3458 345 3534 tempore,
368 3473 430 3536 quo
452 3448 614 3536 qualitates
636 3450 766 3513 occultae
788 3468 951 3535 causaeque
974 3451 1164 3536 imaginariae
1185 3448 1308 3535 penitirs
1330 3460 1401 3513 sunt
1421 3472 1477 3512 ex·

193 3554 301 3638 plospe,
329 3555 413 3621 nulli
436 3556 556 3643 indiget
580 3554 772 3639 probatione.
819 3554 895 3619 Hoc
916 3568 1020 3619 autem
1046 3555 1212 3619 discrimen
1239 3556 1346 3641 quovis
1372 3554 1477 3617 oblato

192 3661 402 3746 phaenomeno
423 3660 656 3749 diligentissime
679 3660 868 3725 considerari
891 3674 1023 3745 oportet,
1046 3682 1087 3725 ne
1105 3675 1169 3725 tam
1191 3660 1293 3725 motirs
1315 3682 1478 3725 conserva-

196 3770 274 3833 tioni
289 3772 442 3856 ejusmodi
457 3770 584 3835 effectus
599 3770 762 3847 tribuatur,
779 3770 833 3855 qui
849 3770 914 3833 sine
929 3770 1044 3835 viribus
1059 3772 1134 3836 oriri
1148 3773 1264 3857 nequit,
1289 3770 1381 3856 quim
1397 3770 1477 3834 vires

194 3876 427 3964 investigentur,
450 3898 521 3962 quae
541 3889 660 3938 motum
683 3875 738 3939 sui
763 3876 874 3941 naturai
902 3877 1148 3941 conservandum
1172 3854 1358 3962 producant
1403 3876 1479 3954 Quo

193 3982 319 4067 quidem
334 3985 368 4046 in
381 3984 518 4069 negotio,
534 3983 560 4045 si
575 3981 681 4046 debita
695 3984 824 4046 attentio
839 3982 1034 4061 adhibeatur,
1054 3986 1151 4048 errori
1167 3986 1219 4049 vix
1233 3985 1315 4049 ullus
1331 3984 1479 4070 relinqui·

194 4102 246 4153 tur
268 4092 372 4157 locus:
405 4090 477 4155 cirm
500 4112 540 4155 ex
564 4089 685 4177 legibus
714 4102 835 4154 naturae
866 4092 939 4155 satis
965 4113 1120 4177 superque
1146 4104 1274 4169 constet,
1306 4092 1480 4177 cujusmodi

193 4211 298 4268 motus'
319 4204 370 4268 vei
391 4224 449 4288 per
470 4224 503 4266 se
526 4214 756 4277 conserventur,
780 4202 829 4265 vel
844 4202 960 4265 viribus
975 4203 1112 4267 externis
1127 4202 1308 4281 debeantur.
1355 4202 1480 4287 Corpus

195 4310 311 4377 scilicet
330 4312 364 4374 in
380 4322 467 4373 motu
490 4310 626 4395 positum
647 4308 775 4392 proprii
790 4309 821 4371 vi
835 4309 920 4373 hunc
935 4322 1054 4373 motum
1070 4309 1264 4373 uniformiter
1279 4310 1312 4373 in
1326 4309 1481 4374 directum

194 4420 324 4483 retinet:
348 4429 442 4503 atque
455 4438 580 4501 corpus,
598 4414 781 4501 quodcirca
794 4436 884 4478 axem
899 4416 1135 4480 convenientem
1150 4438 1207 4501 per
1221 4430 1364 4481 centrum
1378 4416 1481 4504 gravi·

192 4528 265 4591 tatis
286 4538 497 4591 transeuntem
519 4538 639 4587 motum
661 4523 845 4588 rotatorium
861 4524 956 4587 semel
971 4536 1019 4588 est
1032 4538 1243 4605 consecutum,
1267 4526 1376 4590 eodem
1392 4537 1481 4589 motu

191 4635 288 4699 rotari
311 4632 465 4719 perpetub
479 4631 534 4695 sui
558 4643 669 4714 sponte
688 4642 818 4717 perget:
841 4651 944 4715 neque
957 4630 1135 4716 hujusmodi
1150 4646 1292 4697 motuum
1307 4652 1432 4695 causam
1446 4630 1481 4695 in

193 4740 258 4803 ulli
281 4761 315 4803 re
338 4738 408 4814 alit,
432 4738 492 4800 nisi
514 4737 548 4799 in
569 4735 636 4819 ipsi
658 4758 826 4822 corporum
847 4736 968 4815 naturai,
985 4740 1083 4823 quaeri
1104 4752 1235 4824 oportet.
1281 4738 1439 4815 Quocirca
1454 4739 1481 4803 si
