3384 5459
807 926 866 985 DE

369 1196 563 1299 MUN
584 1198 676 1295 DI
749 1194 1299 1294 SYSTEMATE.
1385 1282 1397 1307 ,

590 1485 778 1563 amna
815 1440 1083 1563 neamus,

754 1766 916 1791 um

193 1986 249 2084 [u
276 2018 382 2085 Libris
410 2022 658 2107 precedentibus
693 2023 846 2109 principis
880 2023 1088 2109 philosophia
1121 2022 1246 2100 matildi,
1276 2042 1341 2084 non
1369 2032 1474 2084 tamen

190 2128 410 2216 philosophica
440 2130 496 2194 sed
522 2130 739 2195 mathematica
766 2130 897 2209 tantum,
935 2154 975 2195 ex
1004 2131 1116 2216 quibus
1145 2128 1289 2193 videlicet
1317 2127 1351 2189 in
1379 2126 1473 2189 rebus
1546 2188 1550 2195 .

189 2236 415 2322 philosophicis
436 2238 589 2323 disputari
608 2240 716 2323 possit
772 2239 857 2305 Haec
882 2251 953 2303 sunt
977 2253 1121 2303 motuum
1146 2251 1179 2304 et
1201 2239 1315 2302 virium
1335 2236 1422 2323 leges
1443 2247 1474 2298 et

188 2342 396 2421 conditiones,
420 2366 491 2429 quse
510 2343 550 2409 ad
571 2344 800 2430 philosophiam
814 2343 950 2409 maxime
966 2357 1115 2429 spectant
1159 2344 1281 2409 Eadem
1295 2354 1410 2418 tamen,
1432 2362 1474 2403 ne
1494 2342 1497 2346 ’

190 2452 308 2516 sterilis
327 2451 501 2529 videantur,
522 2452 676 2517 illustravi
697 2454 821 2519 scholiis
836 2454 1023 2540 quibusdam
1038 2454 1269 2539 philosophicis,
1286 2476 1324 2517 ea
1338 2462 1473 2515 tractans

190 2580 264 2646 quae
283 2558 441 2645 generalia
455 2572 536 2637 sunt,
554 2572 586 2623 et
599 2560 631 2623 iu
646 2560 758 2646 quibus
773 2558 973 2646 philosophis
986 2558 1122 2625 maxime
1136 2560 1261 2623 fundari
1274 2559 1407 2633 videtur,
1427 2557 1474 2621 uti

190 2688 359 2750 corporum
373 2665 557 2731 densitatem
572 2681 604 2733 et
618 2670 834 2747 resistentiam,
858 2671 958 2754 spatia
972 2670 1154 2755 corporibus
1167 2693 1275 2746 vacua,
1290 2681 1474 2752 motumque

188 2776 269 2840 lucis
290 2788 324 2841 et
345 2798 502 2855 sonorum.
550 2778 698 2862 Superest
718 2789 755 2842 ut
775 2801 816 2841 ex
834 2778 944 2842 iisdem
963 2778 1125 2862 principiis
1140 2777 1308 2841 doceamus
1323 2776 1473 2839 constitu-

188 2883 307 2946 tionem
329 2884 501 2967 systematis
522 2884 682 2949 mundani.
726 2884 780 2950 De
805 2884 867 2948 hoc
891 2898 1076 2972 argumento
1098 2906 1334 2970 composueram
1356 2883 1473 2946 librum

188 2993 317 3055 tertium
331 2992 480 3057 methodo
494 2992 649 3078 populari,
665 3004 701 3057 ut
715 3016 734 3056 a
747 2992 889 3085 pluribus
903 2994 1068 3081 legeretur.
1116 2992 1178 3058 Sed
1193 2992 1305 3078 quibus
1319 2992 1473 3077 principia

187 3097 292 3184 posita
313 3098 386 3161 satis
408 3098 563 3163 intellecta
583 3120 647 3162 non
667 3098 792 3176 fuerint,
809 3101 831 3163 ii
846 3101 910 3163 vim
925 3100 1216 3186 consequentiarum
1230 3097 1358 3162 minime
1372 3098 1472 3182 perci·
1573 3106 1583 3118 '

186 3206 286 3290 pient,
308 3228 409 3291 neque
429 3206 613 3292 praejudicia
635 3207 802 3291 deponent,
827 3207 940 3293 quibus
962 3206 1105 3270 amultis
1119 3217 1204 3270 retro
1226 3206 1316 3269 annis
1330 3206 1472 3267 insueve-

187 3326 282 3376 runt:
306 3325 339 3377 st
358 3326 525 3399 propterea
543 3336 585 3377 ne
607 3337 656 3379 res
677 3316 710 3379 iu
724 3315 949 3399 disputationes
964 3315 1116 3391 trahatur,
1132 3337 1285 3379 summam
1300 3315 1372 3378 libri
1387 3314 1472 3377 illius

186 3420 333 3483 transtuli
353 3421 387 3483 in
408 3421 645 3505 propositiones,
667 3444 754 3485 more
769 3420 998 3498 mathematico,
1014 3432 1050 3485 ut
1064 3421 1105 3484 ab
1118 3421 1157 3484 iis
1172 3421 1246 3484 solis
1261 3421 1405 3509 legantur
1419 3422 1473 3507 qui

185 3526 341 3613 principia
354 3526 441 3610 prius
457 3525 635 3591 evolverint.
674 3526 898 3593 Verumtamen
912 3527 1060 3613 quoniam
1074 3528 1303 3611 propositiones
1317 3529 1361 3591 ibi
1376 3550 1470 3614 quam

186 3636 332 3721 plurimae
357 3648 532 3716 occurrant,
559 3658 630 3721 quae
654 3634 821 3700 lectoribus
852 3637 946 3700 etiam
973 3634 1192 3700 mathematice
1218 3636 1319 3700 doctis
1348 3659 1470 3700 moram

186 3744 317 3813 nimiam
331 3745 456 3829 injicere
470 3745 600 3829 possint,
617 3756 724 3808 auctor
739 3767 805 3808 esse
820 3745 894 3809 nolo
910 3756 945 3808 ut
958 3746 1122 3831 quisquam
1136 3768 1188 3808 eas
1203 3767 1313 3809 omnes
1328 3744 1470 3822 evolvat3

187 3851 345 3917 suffecerit
367 3852 462 3938 siquis
487 3852 693 3930 definitiones,
720 3852 805 3940 leges
819 3862 962 3917 motuum
976 3865 1008 3918 et
1022 3855 1172 3918 sectiones
1188 3867 1250 3918 tres
1265 3856 1386 3939 priores
1400 3855 1473 3919 libri

182 3961 280 4047 primi
302 3961 412 4025 sedulo
425 3962 518 4049 legat,
538 3962 612 4027 deIn
627 3973 764 4026 transeat
778 3962 819 4027 sd
832 3962 918 4026 hunc
931 3963 1047 4027 librum
1062 3963 1102 4026 de
1117 3962 1228 4025 mundi
1243 3973 1418 4048 systemate,
1441 3975 1474 4028 et

182 4068 319 4157 reliquas
335 4068 485 4133 librorum
499 4068 640 4154 priorum
653 4068 883 4153 propositiones
897 4068 951 4133 hic
966 4069 1077 4135 citatas
1092 4089 1152 4152 pro
1166 4066 1266 4133 lubitu
1281 4068 1430 4142 consulat,
