3384 5459
590 927 979 1010 MONITUM.

132 1192 419 1293 Parucmroaurr
449 1227 787 1297 Mararuarrcoauu
814 1232 928 1298 Libros
956 1246 1019 1311 tres
1043 1235 1173 1301 totidem
1200 1237 1419 1303 voluminibus

135 1342 308 1426 complecti
321 1342 557 1421 meditabamur,
581 1344 675 1431 idque
691 1346 757 1429 jam
771 1345 805 1408 in
819 1346 916 1411 alteri
930 1346 1033 1431 operis
1046 1344 1146 1409 nostri
1158 1356 1248 1429 parte
1261 1343 1419 1409 fueramus

134 1448 282 1531 polliciti.
328 1448 395 1512 Cur
408 1448 534 1511 tertium
550 1448 693 1513 Newtoni
709 1450 841 1514 Librum
855 1452 888 1514 in
903 1450 980 1515 duas
994 1451 1168 1518 dividamus
1180 1459 1284 1533 partes
1298 1448 1418 1513 datam-

136 1578 197 1641 que
219 1556 320 1619 fidem
339 1578 404 1620 non
422 1556 597 1634 liberemus,
616 1559 651 1621 in
673 1558 764 1623 causi
787 1570 860 1623 sunt
879 1539 1034 1645 praeclara·
1051 1560 1092 1623 de
1114 1559 1219 1624 Fluxn
1236 1569 1267 1621 et
1283 1560 1420 1625 Refluxu

137 1661 243 1725 Maris
261 1660 369 1745 Opera
384 1684 455 1747 quae
471 1685 553 1727 anno
571 1671 663 1731 1740.
680 1664 911 1729 aceleberrimd
928 1665 1094 1731 Pariaiensi
1103 1665 1273 1729 Academici
1287 1668 1419 1752 praemio

135 1766 223 1831 lubre
239 1769 455 1833 condecorata.
493 1770 558 1833 Tot
572 1781 679 1834 ettam
692 1770 807 1833 eximia
820 1771 854 1833 in
868 1769 954 1835 hisce
968 1771 1113 1855 operibus
1128 1772 1334 1848 continentur,
1348 1793 1419 1857 quae

120 1912 125 1929 ·
136 1896 201 1938 non
216 1873 261 1938 ad
275 1874 397 1938 fluxum
411 1875 626 1961 rellraxumque
635 1876 729 1939 maris
739 1876 901 1953 duntaxat,
914 1874 969 1939 sed
980 1877 1073 1940 etiam
1082 1877 1125 1940 ad
1134 1876 1294 1965 generales
1306 1888 1420 1941 attrac-

136 1986 229 2049 tionis
260 1986 346 2072 leges
369 1985 605 2073 universamque
634 1987 853 2051 astronomiam
878 1986 1064 2064 referrmtur,
1093 1998 1129 2051 nt
1151 1987 1267 2051 clariss.
1291 1987 1350 2051 Vir
1374 1987 1419 2051 D,

135 2094 163 2159 J.
176 2095 216 2159 L.
237 2095 446 2160 Calandrinus
461 2098 547 2183 cujus
562 2096 689 2161 consilia
709 2097 847 2181 impense
863 2118 1058 2173 veneramur,
1078 2118 1136 2160 nos
1151 2094 1266 2180 optime
1282 2094 1419 2159 facturos

132 2200 329 2297 judicaverit,
342 2204 368 2267 si
374 2204 525 2288 praedicta
537 2204 698 2287 Opuscnla
711 2206 748 2267 iis
763 2204 1002 2291 adjungeremus
1013 2204 1282 2289 Propositionibns
1292 2227 1368 2290 quas
1379 2203 1421 2269 de

136 2308 223 2372 fluxu
240 2322 273 2374 et
287 2310 409 2375 refluxu
424 2312 518 2375 maris
533 2310 628 2375 habet
642 2313 832 2389 Newtonns;
855 2313 940 2400 quod
953 2314 1080 2397 quidem
1094 2312 1257 2380 commode
1271 2312 1341 2377 fieri
1354 2333 1422 2377 non

137 2428 269 2499 poterat,
293 2419 354 2483 nisi
374 2421 500 2483 tertium
515 2420 648 2485 Librum
662 2420 695 2482 in
710 2419 787 2485 duas
801 2433 906 2505 partes
921 2421 1137 2485 divideremus.
1183 2420 1336 2495 Quamvis
1350 2440 1421 2483 earn

139 2523 283 2610 religiose
298 2547 456 2589 servemus
471 2525 582 2612 legem,
598 2526 665 2589 sine
679 2526 740 2611 qud
757 2527 907 2591 honestus
922 2527 1053 2611 scriptor
1067 2548 1160 2590 nemo
1175 2548 1242 2589 esse
1256 2536 1369 2611 potest,
1385 2537 1422 2589 ut

139 2630 253 2695 scilicet
267 2632 346 2695 nihil
360 2632 481 2719 insigne
498 2655 538 2695 ex
552 2633 657 2718 aliquo
671 2644 778 2696 autore
790 2633 824 2696 in
839 2655 930 2697 usum
945 2646 1087 2697 nostrum
1101 2645 1327 2712 convertamus,
1344 2634 1421 2718 quin

141 2736 166 2797 ei
187 2739 274 2822 qnod
297 2760 388 2803 suum
409 2750 466 2816 est,
489 2736 565 2802 ddrn
587 2740 673 2803 locus
695 2740 839 2816 occurrit,
856 2738 1021 2815 tribuatur,
1037 2737 1202 2822 specialem
1216 2736 1422 2803 nihilominds

140 2847 217 2928 grati
239 2846 336 2909 animi
358 2847 615 2933 significationem
636 2846 776 2931 profiteri
798 2846 940 2911 volumus
962 2846 1138 2909 clarissimis
1161 2846 1310 2931 omnique
1329 2844 1423 2909 lande

141 2952 244 3014 nostrd
267 2952 435 3037 majoribus
459 2952 532 3015 viris
554 2952 633 3015 DD.
651 2951 783 3027 Cossini,
799 2950 839 3013 de
855 2951 992 3027 Mairan,
1008 2950 1048 3014 de
1063 2948 1271 3035 Maupertuis,
1289 2970 1422 3034 quorum

141 3057 296 3137 praeclaris
316 3058 448 3121 inventis
462 3056 633 3141 plurimtim
648 3056 763 3120 debent
772 3056 841 3119 haec
856 3067 962 3119 nostra
978 3056 1219 3119 Commentario.
1262 3054 1325 3119 Sed
1336 3067 1422 3120 tanta

143 3163 261 3224 suntin
275 3163 454 3226 universum
475 3161 573 3227 hocce
593 3175 734 3226 nostrum
750 3160 840 3245 Opus
862 3161 1047 3246 praelaudati
1064 3160 1181 3224 clariss.
1197 3160 1240 3225 D.
1256 3160 1286 3223 J.
1302 3158 1342 3223 L.
1359 3160 1422 3223 Ca·

143 3265 273 3331 landrini
294 3270 454 3347 beneficia,
478 3283 514 3335 ut
534 3270 607 3335 huic
629 3269 807 3334 doctissimo
829 3270 896 3333 viro
916 3291 1007 3354 pares
1027 3270 1146 3334 meritis
1167 3270 1284 3356 gratias
1305 3266 1421 3332 referre

144 3396 202 3439 non
216 3380 382 3463 possimus.
961 3357 971 3378 ⁰

183 3482 253 3546 Jam
268 3484 326 3547 sub
350 3484 450 3568 praelo
466 3497 514 3549 est
527 3484 625 3548 altera
638 3496 670 3547 et
684 3483 794 3546 ultima
810 3480 1113 3547 Commentariorum
1126 3494 1307 3547 nostrorum
1323 3485 1401 3548 Pars
1409 3508 1419 3559 3

146 3588 214 3668 quia
234 3588 309 3653 verb
330 3590 434 3653 nullus
450 3602 496 3653 cst
510 3602 576 3653 tam
590 3588 755 3653 mediocris
769 3589 896 3673 ingenii,
920 3611 1013 3673 quern
1027 3612 1102 3652 usus
1116 3602 1148 3653 et
1161 3589 1341 3652 exercitatio
1355 3611 1419 3652 non

148 3694 299 3774 edoceant,
321 3698 395 3763 hinc
416 3698 533 3763 factum
549 3710 645 3763 estut
659 3698 762 3782 aliqua
777 3698 868 3760 nobis
889 3700 923 3759 in
942 3710 1079 3761 mentem
1093 3697 1234 3761 venerint
1248 3719 1319 3782 quae
1332 3697 1419 3762 brevi

148 3802 269 3868 collecta
294 3807 465 3891 appendice
487 3806 579 3871 simul
602 3826 673 3869 cum
695 3801 812 3889 reliqui
834 3803 917 3866 tertii
940 3804 1031 3868 Libri
1050 3816 1139 3889 parte
1156 3803 1233 3887 justi
1254 3802 1418 3865 voluminis
1505 3889 1509 3899 ¹

150 3910 255 3975 molem
270 3923 466 3997 component.
1127 3933 1129 3940 ·
1437 3920 1442 3931 '

972 4164 1066 4211 Datum
1077 4164 1159 4211 llomoe

821 4248 848 4295 in
861 4246 932 4295 emo.
946 4250 998 4296 Sl*-
1016 4248 1136 4295 Trinitatis
1145 4262 1207 4296 anno
1221 4248 1289 4295 1742.

698 4351 739 4401 Αἳ
