3384 5459
410 406 603 480 FLUXUS
624 411 687 479 ac
711 408 966 479 REFLUXUS
989 410 1148 477 MARIS.
1356 420 1419 478 ees

134 602 295 677 mquamre
309 591 435 677 quidem
450 592 504 656 ubi
520 592 623 670 Luna,
638 590 773 657 comma
786 593 819 655 in
832 606 1000 679 oeqaetore,
1016 593 1153 659 maxime
1169 592 1199 655 vi
1213 591 1339 679 gaudet,
1361 564 1419 657 dri-

134 702 225 765 bium
238 714 288 765 est
301 701 431 777 nullum,
447 702 524 787 quin
538 718 632 767 aestara
645 701 774 769 maximi
786 702 821 765 in
838 702 1024 786 aequinootia
1037 701 1162 779 irrcidat,
1186 700 1311 787 quando
1325 700 1419 765 ambo

96 886 99 890 ¹
132 808 299 873 luminaria
321 808 354 871 in
375 822 534 903 raqaatore
555 821 630 873 sunt
650 809 761 893 posita,
785 830 856 894 quae
876 808 985 873 eadem
1006 808 1179 893 proprietas
1194 807 1287 875 etiam
1302 807 1335 874 in
1349 806 1418 871 loca

133 920 176 1003 eb
190 930 348 1006 oequatoro
361 937 426 983 non
440 921 572 985 multum
586 920 696 987 dissita
708 923 876 1007 competit:
899 934 932 986 at
951 924 984 985 in
1001 922 1078 987 locis
1092 922 1132 987 ab
1146 934 1303 1007 aequatore
1317 922 1417 1008 magis

133 1025 263 1089 remotis
282 1036 386 1089 estua-
398 1026 503 1103 matis,
525 1020 609 1091 edm
622 1027 715 1091 Luna
733 1028 902 1093 maximam
920 1028 1015 1093 babet
1028 1027 1277 1104 declinationem,
1301 1026 1417 1091 dautur

133 1128 262 1221 quddam
281 1135 416 1218 maiores
435 1156 475 1198 ex
495 1134 612 1212 tabula,
635 1142 728 1217 tto.
747 1134 856 1201 renim
869 1149 963 1201 aestus
977 1158 1053 1201 mox
1071 1138 1293 1223 subsequentes
1315 1138 1415 1203 multo

133 1253 210 1305 arant
221 1238 368 1305 minores.
412 1240 510 1317 Quod
524 1243 551 1307 sl
565 1254 669 1307 autem
689 1244 770 1309 inter
784 1246 881 1338 «binos
895 1260 988 1311 estam
1003 1270 1022 1309 a
1036 1244 1127 1311 Lunai
1143 1247 1291 1311 oriundos
1306 1268 1415 1313 oonte-

132 1360 264 1434 quentes
276 1344 415 1411 medium
429 1350 578 1434 capietur,
592 1350 711 1435 patebit
724 1350 757 1413 in
771 1337 950 1439 regionibus
966 1358 1029 1417 30⁰.
1045 1351 1085 1415 ab
1098 1364 1257 1437 aequatore
1276 1354 1413 1433 remotis,

132 1494 246 1585 quibus
260 1508 354 1561 oestus
369 1466 524 1625 ωῐῗᾝόο
541 1498 570 1563 L
593 1498 619 1564 si
640 1500 742 1565 Lunae
755 1498 922 1565 declinatio
936 1500 976 1563 sit
990 1498 1085 1576 nulla,
1108 1510 1218 1563 aestum
1240 1502 1334 1564 maris
1349 1522 1414 1565 me·

131 1706 230 1785 dium,
246 1705 319 1771 mim
334 1708 428 1773 Luna
441 1708 537 1775 babet
547 1710 786 1777 declinationem
802 1720 843 1777 20
858 1713 1022 1799 graduum,
1038 1714 1105 1777 sore
1115 1744 1150 1771 =
1160 1682 1259 1844 2393
1271 1714 1311 1791 L,
1327 1713 1415 1777 ided-

130 1899 194 1963 que
207 1875 310 1941 adhuc
324 1878 476 1943 minorem
490 1878 584 1966 quim
598 1880 671 1945 culm
687 1882 778 1946 Luna
792 1894 982 1968 aequetorem
996 1894 1090 1947 tenet.
1130 1880 1249 1947 Contra
1263 1881 1338 1945 verb
1354 1882 1413 1947 sub

130 1985 306 2051 elevatione
326 1986 393 2071 poli
406 1996 449 2053 60
463 1988 629 2076 gradum,
645 2003 693 2055 est
704 2002 800 2054 reatus
814 1990 919 2066 maris,
937 1990 1028 2055 Luni
1044 2002 1184 2053 versante
1198 1989 1231 2053 in
1245 2003 1412 2075 aequatore,

184 2102 282 2171 o,740

130 2166 168 2195 =
182 2183 280 2261 W
299 2134 339 2211 L,
361 2146 455 2198 aestus
476 2148 580 2201 autem
601 2136 731 2214 medius,
754 2134 827 2201 edm
850 2135 950 2201 Lunae
972 2132 1138 2252 declinatfp
1153 2148 1200 2199 est
1215 2132 1282 2199 20⁰.
1307 2148 1356 2199 est
1378 2164 1412 2195 κ

128 2517 270 2583 niorilnrs
291 2530 385 2583 oestus
405 2519 569 2597 maximos,
592 2542 658 2585 non
682 2520 715 2583 in
739 2521 937 2606 equinoctia,
965 2520 1020 2585 sed
1041 2522 1145 2605 potius
1166 2520 1250 2591 cirm
1271 2520 1414 2597 solstitia,

130 2623 271 2689 incidere
290 2625 415 2702 debere,
437 2626 500 2713 qut
520 2626 743 2713 quideminre
756 2626 879 2699 theoria
891 2638 999 2693 nostra
1017 2648 1075 2713 per
1090 2625 1413 2713 experientiammiri-
1539 2649 1548 2667 *
1689 2628 1690 2706 l

130 2728 193 2795 fiet
207 2733 420 2799 confirmatur.

689 3009 855 3031 ἏἈδδΜἊ

541 3212 718 3291 CAPUT
743 3215 1007 3303 QUINTUM.

197 3420 258 3492 De
275 3431 426 3515 tempore
441 3420 577 3497 Funis
593 3446 634 3495 oc
650 3424 819 3518 aptatos
836 3426 959 3499 Man'a
975 3427 1012 3498 in
1028 3425 1145 3499 eddom
1163 3426 1350 3521 hypothesi.

129 3650 154 3728 ᾗ.
170 3654 222 3714 57.
246 3616 472 3735 Quanquam
486 3643 519 3707 in
533 3643 723 3728 praecedenti
735 3644 856 3728 Capite,
872 3666 934 3729 quo
949 3644 982 3707 in
997 3644 1198 3729 quantitatem
1213 3644 1306 3709 aestits
1321 3645 1415 3710 maris

129 3756 288 3841 precipue
310 3754 536 3841 inquisivimus,
558 3753 651 3819 edem
672 3764 822 3838 tempora,
846 3752 958 3837 quibua
974 3764 1036 3815 tam
1050 3753 1154 3817 fluxus
1170 3751 1263 3839 quim
1277 3753 1414 3817 redimus

131 3866 263 3943 eveniat,
274 3867 340 3953 jam
355 3862 577 3937 indicavimus3
600 3874 705 3927 tamen
719 3862 781 3927 hoc
796 3862 908 3947 Capite
927 3861 1009 3927 istud
1024 3876 1241 3950 argumentum
1255 3862 1415 3953 fusidgat-

131 3993 194 4057 que
214 3971 255 4035 ad
276 3970 507 4036 observationes
529 3968 760 4049 accommodate
780 3989 1013 4057 persequemur.
1057 3970 1298 4035 Observationes
1319 3972 1414 4051 enim,
1545 3980 1547 3985 '

131 4098 203 4167 quoe
225 4078 308 4143 circe
329 4090 441 4141 testum
454 4075 547 4139 maris
567 4076 687 4139 institui
707 4076 817 4153 solent,
839 4076 881 4141 ad
902 4076 961 4141 tria
975 4098 1091 4164 genera
1104 4076 1352 4141 commodissime
1367 4100 1417 4141 re·
1438 4162 1447 4177 ι

130 4189 294 4267 feruntur3
309 4189 357 4255 ad
380 4210 513 4275 quorum
534 4188 671 4272 primum
690 4187 825 4273 pertinet
845 4188 939 4251 maris
962 4186 1033 4252 edm
1055 4187 1186 4251 elevatio
1200 4188 1336 4250 murima
1349 4186 1416 4253 tum
1550 4219 1567 4246 e
1685 4198 1686 4213 ¹

130 4298 270 4363 maxima
292 4296 469 4382 depressio;
492 4307 585 4381 etque
605 4294 759 4359 indicatur
781 4306 931 4380 quantum
953 4293 1061 4381 quovis
1083 4306 1162 4357 aestu
1183 4315 1265 4379 aqua
1282 4291 1353 4357 edm
1369 4316 1418 4357 es-

131 4409 246 4475 cendat
266 4406 335 4477 ttim
356 4405 533 4473 descendat
588 4405 642 4469 Ad
664 4405 835 4471 secundum
860 4405 1112 4469 observationum
1137 4426 1236 4488 genus
1261 4402 1418 4469 numerari

131 4517 278 4583 convenit
302 4540 365 4593 eas,
393 4536 464 4601 qaoe
489 4512 528 4576 ed
554 4524 677 4596 tempus
703 4512 882 4597 respiciunt,
911 4511 1084 4598 quibusque
1106 4510 1262 4589 definitur,
1284 4530 1418 4599 quonam

131 4625 284 4711 temporis
299 4636 457 4689 momento
473 4619 573 4684 ubivis
584 4619 757 4683 Terrarum
771 4640 851 4706 aqua
865 4616 938 4683 edm
948 4638 1101 4683 summam
1112 4631 1215 4685 teneat
1225 4616 1420 4683 altitudinem

167 4733 230 4784 Vos..
246 4726 302 4779 ΙΙΙ.
719 4724 746 4773 X
