3384 5459
218 409 281 466 ,94
326 442 331 450 ·
537 399 878 468 PHILOSOPHIAE
901 399 1174 465 NATURALIS
1207 399 1279 479 [Dn
1296 398 1419 464 Murro.
1434 399 1535 464 srsr.

239 571 416 636 recedendo
428 571 470 635 ab
482 584 641 657 requatore
661 572 769 654 poium
784 593 902 649 versus,
918 571 1046 636 effectus
1062 593 1135 634 suos
1149 569 1305 657 gradem
1320 570 1473 645 amittent,
1496 583 1534 634 et

126 751 131 758 ,
239 693 407 765 propterea
428 683 564 744 minores
585 681 712 745 ciebunt
732 695 826 744 aestus
847 682 879 743 in
896 681 1027 767 syzygiis
1043 680 1256 746 solstitialibus
1273 679 1367 766 quarn
1381 680 1414 741 in
1430 679 1533 764 tequi-

240 790 432 854 noctialibus.
477 789 518 853 ln
539 789 736 874 quadraturis
758 803 863 853 autern
886 790 1100 854 solstitialibus
1122 791 1255 875 majores
1283 789 1412 854 ciebunt
1434 801 1531 852 aestus

222 895 335 982 ¹qutim
355 897 387 959 in
410 895 607 981 quadraturis
627 895 904 980 aequinoctialibus,
928 895 1074 981 eoquod
1097 895 1199 960 Lunoe
1220 897 1288 979 jam
1313 895 1347 957 in
1369 907 1531 980 aequatore

201 995 203 1000 ’
239 1006 415 1068 constitutae
429 1004 556 1068 effectus
571 1003 707 1068 maxime
721 1017 849 1086 superat
862 1003 1007 1068 effectum
1024 1003 1115 1068 Solis.
1161 1003 1310 1068 Incidunt
1324 1004 1420 1092 igitur
1435 1018 1530 1068 aestus

238 1111 365 1174 maximi
386 1112 420 1172 in
441 1110 581 1196 syzygias
603 1122 635 1175 et
648 1111 768 1174 minimi
788 1112 821 1173 in
836 1111 1044 1196 quadraturas
1058 1111 1271 1188 luminarium,
1288 1113 1370 1176 circa
1385 1105 1545 1196 tempora

237 1220 416 1305 aequinoctii
431 1220 601 1304 utriusque.
647 1219 691 1284 Et
702 1231 814 1283 aestnm
828 1221 1004 1284 maximum
1024 1221 1057 1284 in
1074 1222 1207 1309 syzygiis
1224 1223 1389 1286 comitatur
1404 1243 1530 1306 semper

235 1328 382 1391 minimus
406 1327 439 1390 in
464 1325 671 1412 quadraturis,
694 1338 730 1391 ut
750 1326 941 1410 experiendi
965 1341 1160 1411 compertum
1183 1341 1243 1392 est.
1290 1313 1353 1392 Per
1373 1329 1530 1392 minorem

235 1451 339 1500 autem
353 1435 531 1500 distantiam
546 1435 628 1498 Solis
642 1458 663 1499 a
677 1433 788 1511 Tarni,
803 1447 869 1498 tarn
884 1447 1026 1520 ternpore
1040 1433 1187 1521 hyberno
1202 1436 1298 1523 quim
1313 1449 1454 1522 ternpore
1467 1459 1529 1501 aes·

235 1543 309 1620 tivo,
332 1543 371 1605 sit
393 1554 428 1606 ut
441 1555 535 1606 aestus
557 1541 686 1604 maximi
700 1553 733 1605 et
751 1541 872 1604 minimi
893 1540 1007 1626 sapitis
1022 1543 1207 1626 praeoedant
1220 1544 1443 1631 aequinoctium
1457 1565 1529 1608 ver-

234 1674 310 1714 num
324 1648 418 1736 qutirrr
433 1661 611 1736 sequantur,
627 1663 660 1713 et
673 1649 786 1732 saepius
800 1661 970 1734 sequantur
984 1649 1168 1712 autumnale
1183 1649 1278 1736 qusim
1293 1650 1483 1735 praecedant.

279 1758 422 1822 Pendeat
443 1758 537 1822 etiarn
557 1757 684 1820 effectus
706 1755 906 1818 luminarium
928 1777 968 1818 ex
990 1754 1136 1819 locorum
1150 1755 1327 1822 latitudine.
1371 1756 1531 1844 Designet

235 1870 265 1932 Α
280 1889 302 1951 p
319 1867 347 1930 li
366 1866 391 1930 P
406 1866 568 1930 Tellurem
583 1865 672 1950 aquis
686 1863 851 1947 profundis
866 1862 1004 1950 undique
1020 1877 1220 1947 coopertam3
1239 1866 1266 1930 C
1282 1878 1426 1931 centrum
1441 1867 1528 1952 ejus;

237 1977 272 2050 P,
289 1997 310 2058 p
325 1973 433 2057 polos3
450 1975 477 2036 A
498 1971 526 2036 E
541 1985 750 2057 arquatorem3
768 1971 795 2035 F
809 1972 914 2036 locum
928 1993 1035 2057 quern·

234 2084 279 2145 vis
304 2096 394 2145 extra
419 2092 626 2166 aequatorem3
660 2080 687 2142 F
710 2079 728 2140 f
750 2079 933 2163 parallelum
956 2079 1035 2153 loci3
1132 2111 1157 2151 Α

232 2191 267 2254 D
293 2189 315 2252 d
337 2187 521 2272 parallelum
547 2189 576 2250 ei
602 2187 843 2272 respondentem
873 2209 913 2251 ex
939 2187 1037 2250 alterii
1099 2167 1127 2207 Β

231 2310 321 2383 parte
341 2296 525 2382 oequatoris3
549 2296 578 2360 L
598 2295 702 2359 locum
718 2316 811 2382 quem
828 2294 921 2358 Luna
935 2294 1034 2357 tribus
1088 2307 1108 2352 tr

233 2418 305 2469 ante
330 2404 416 2468 horis
440 2405 614 2490 occupabat
621 2428 630 2479 ;
656 2404 694 2468 H
719 2404 823 2467 locum
846 2402 986 2466 Telluris
1008 2403 1038 2467 ei

231 2513 532 2598 perpendiculariter
560 2512 750 2595 subjectum3
786 2511 809 2573 h
837 2511 940 2573 locrrm
966 2511 1039 2574 huic

233 2622 429 2706 oppositum3
452 2620 495 2696 K,
518 2620 541 2682 k
562 2620 632 2684 loca
653 2619 726 2682 inde
746 2618 895 2705 gradibus
910 2627 951 2682 90
978 2619 1040 2682 dis·
1070 2661 1072 2666 -

237 2729 346 2806 tantia,
364 2728 393 2791 C
406 2728 453 2804 H,
468 2712 496 2791 C
508 2726 530 2789 h
544 2727 638 2789 maris
653 2725 832 2790 altitudines
846 2724 999 2788 maximas
1013 2739 1206 2790 mensuratas
1221 2750 1241 2790 a
1254 2742 1363 2792 centro
1375 2729 1527 2807 Telluris3

238 2851 270 2901 et
287 2838 441 2914 C·K,1C
462 2838 485 2899 k
507 2837 685 2901 altitudines
706 2835 868 2898 minimas:
893 2847 925 2897 et
946 2835 973 2897 si
994 2833 1105 2897 axibus
1129 2834 1166 2898 H
1180 2833 1213 2911 h,
1238 2833 1270 2899 K
1290 2835 1312 2898 k
1332 2835 1529 2902 describatur

235 2946 363 3028 ellipsis,
385 2943 500 3008 deinde
522 2945 665 3028 ellipseos
687 2944 779 3028 hujus
801 2943 995 3007 revolutione
1010 2943 1093 3008 circa
1107 2967 1197 3008 axem
1212 2947 1362 3030 majorem
1383 2947 1456 3012 Hb
1472 2948 1528 3012 do·

237 3051 393 3113 scribatur
407 3049 559 3132 sphaerois
576 3049 613 3112 H
631 3048 659 3112 P
679 3049 710 3112 i(
725 3048 783 3132 hp
798 3050 838 3123 k;
861 3048 1036 3134 designabit
1050 3048 1119 3112 haec
1129 3050 1168 3132 (¹¹)
1180 3049 1313 3136 liguram
1328 3053 1422 3115 maris
1433 3075 1528 3136 quarn

235 3156 389 3244 proximi,
406 3167 438 3220 et
451 3168 544 3220 erunt
559 3156 635 3232 CF,
655 3155 714 3232 cf,
731 3157 762 3219 C
775 3157 819 3232 D,
836 3154 898 3219 Cd
912 3154 1090 3218 altitudines
1104 3156 1199 3220 maris
1213 3158 1246 3218 in
1261 3156 1338 3220 locis
1355 3157 1390 3236 F,
1402 3157 1424 3234 f,
1437 3159 1481 3235 D,
1494 3159 1526 3222 d.

266 3333 304 3395 (¹)
324 3337 376 3381 106.
400 3336 412 3362 ⁸
433 3336 553 3398 Figuram
573 3335 645 3381 mans
661 3350 734 3395 quem
753 3331 863 3394 proriam
897 3347 952 3378 nent
974 3347 1028 3378 cunr
1050 3341 1129 3378 centro
1150 3331 1223 3392 ipsius
1245 3332 1330 3380 Terra.
1376 3331 1432 3380 Jarn
1453 3331 1483 3378 sit
1505 3333 1535 3380 O

240 3395 349 3443 Circulos
357 3407 439 3444 canno
456 3399 479 3445 T
494 3397 623 3458 descriptus
635 3395 755 3443 Tellurem
765 3398 866 3454 reserat;
899 3405 1011 3456 punctum
1029 3395 1132 3442 Telluris
1142 3396 1210 3458 quus
1220 3397 1296 3442 zenitlr
1310 3395 1381 3443 Luna
1395 3395 1526 3454 immineat,

237 3461 339 3507 circulus
359 3470 439 3508 antem
460 3472 540 3508 oentm
569 3461 591 3508 L
611 3460 740 3519 descriptus
761 3459 868 3507 exhibeat
901 3462 924 3506 Δ
942 3457 996 3506 rard
1015 3469 1129 3519 punctum
1148 3459 1288 3520 oppositum,
1308 3460 1398 3522 sintque
1420 3459 1481 3506 Bet
1500 3461 1526 3506 D

239 3525 341 3571 Lunam.
378 3523 403 3572 si
414 3524 481 3573 nulla
491 3535 550 3571 esset
559 3524 585 3569 in
597 3523 716 3572 Tellurem
728 3524 795 3580 actio,
809 3523 864 3569 Tei·
897 3531 985 3582 puncta
1001 3523 1170 3582 circumposita,
1187 3523 1234 3570 sire
1250 3521 1327 3582 potius
1343 3523 1467 3570 exhibeant
1480 3523 1527 3568 cir-

238 3588 275 3634 lus
289 3586 415 3648 profundis
428 3589 495 3650 aquis
510 3587 615 3648 undiprd
626 3597 733 3646 cooperta
748 3597 772 3634 et
786 3587 864 3650 quies-
896 3587 977 3632 sulum
991 3585 1118 3634 horisontis
1134 3586 1158 3634 in
1174 3602 1222 3648 quo
1238 3587 1310 3634 Luna
1325 3597 1433 3643 veremur,
1451 3586 1528 3648 liquet

237 3666 292 3697 cena
304 3654 357 3714 (par
369 3651 450 3712 Hyp.)
470 3651 495 3698 in
512 3653 624 3710 sphaeram
640 3667 690 3698 sere
705 3661 861 3712 componeret.
897 3659 1011 3710 punctum
1031 3651 1053 3696 G
1069 3666 1084 3698 a
1101 3651 1124 3698 T
1139 3649 1241 3697 maxime
1255 3649 1347 3708 distare,
1359 3651 1399 3697 ubi
1410 3660 1526 3711 punctum

240 3715 384 3777 Atsingulre
398 3715 500 3762 Telluris
514 3725 590 3774 partes
599 3713 714 3776 gravitaret
725 3715 749 3760 in
761 3715 864 3768 Lunam,
900 3712 923 3760 Ε
941 3723 977 3760 est
995 3713 1076 3760 autin
1098 3713 1126 3769 C,
1144 3714 1228 3762 autin
1245 3719 1283 3772 rt;
1300 3713 1325 3759 in
1341 3715 1411 3774 priori
1427 3729 1481 3761 casu
1501 3713 1526 3760 G

238 3789 317 3840 estque
336 3781 436 3842 gravitas
452 3780 476 3825 in
493 3779 588 3824 Lunam
603 3779 628 3823 in
644 3777 733 3824 ratione
746 3777 866 3840 duplicati
899 3786 1000 3824 transeat
1018 3779 1042 3825 itt
1061 3777 1097 3832 M,
1118 3777 1142 3823 in
1159 3777 1279 3837 posteriori
1297 3777 1322 3824 in
1343 3777 1382 3836 N3
1399 3776 1456 3825 dunt
1469 3777 1525 3826 rard

237 3841 398 3890 distantiarum
410 3854 516 3889 acentro
526 3839 648 3900 reciproce.
682 3839 738 3888 Jenr
750 3841 864 3889 rerdrec·
897 3851 1010 3900 punctum
1030 3841 1052 3888 Ε
1070 3840 1305 3888 versatnrineircuio
1323 3841 1391 3900 BD,
1409 3851 1526 3902 punctum

238 3915 261 3952 ta
273 3906 295 3952 L
308 3906 337 3962 T,
354 3917 455 3966 exponat
472 3906 607 3970 gravitatem
621 3904 804 3952 eoedneaicem
814 3921 864 3952 cor-
899 3905 922 3950 G
940 3903 989 3953 ford
1007 3904 1117 3952 coincidit
1132 3919 1186 3952 curn
1205 3905 1234 3960 T,
1252 3905 1362 3968 nullaque
1380 3905 1483 3966 pertibus
1499 3906 1526 3953 in

237 3970 300 4028 poris
311 3970 335 4014 in
346 3983 426 4016 renuo
438 3971 460 4017 T
471 3970 539 4030 positi
551 3966 629 4015 versds
643 3969 744 4022 Lunam,
756 3970 831 4031 aitque
840 3969 864 4016 E
897 3967 984 4015 circulo
1002 3969 1023 4017 B
1037 3969 1062 4016 D
1079 3969 1158 4015 locatis
1173 3970 1312 4031 relinquitur
1328 3969 1361 4016 vis
1379 3982 1463 4029 praeter
1476 3969 1526 4015 rim

237 4033 437 4156 nem
448 4031 866 4158 mre

859 4130 866 4152 t
958 4129 966 4153 9
1199 4130 1206 4153 Ι

238 4158 314 4270 dupe
324 4160 347 4208 L
359 4161 379 4208 F
389 4161 418 4208 ed
431 4162 454 4209 L
464 4162 490 4208 t<
500 4163 527 4212 itt
537 4156 656 4221 duplicati
666 4162 755 4208 udone
767 4162 788 4206 L
800 4160 824 4206 K
835 4161 866 4207 ed
901 4159 941 4216 K;
953 4175 1028 4221 quare
1039 4159 1104 4206 liuidi
1116 4159 1236 4220 particule>
1247 4161 1271 4206 in
1282 4160 1339 4208 locis
1352 4162 1374 4208 B
1385 4171 1409 4208 et
1422 4161 1454 4218 D,
1466 4175 1526 4221 prae-

240 4221 263 4272 L
299 4255 305 4277 ,
322 4233 382 4272 metr
398 4225 421 4272 L
435 4226 454 4273 F
469 4236 570 4285 exponet
579 4224 713 4286 gravitatem
724 4225 826 4284 eorporis
840 4225 866 4270 in
899 4231 933 4269 ter
943 4224 990 4270 vim
1001 4223 1118 4284 gravitatis
1133 4224 1231 4283 propriae
1242 4235 1356 4288 urgentur
1367 4225 1436 4272 etiam
1447 4239 1528 4272 vettius

238 4286 291 4333 icco
303 4287 325 4334 E
338 4302 417 4334 versus
429 4288 531 4345 Lunam,
542 4303 596 4352 qut
607 4288 640 4334 vis
651 4287 762 4334 dividitur
771 4288 797 4333 in
807 4287 867 4334 vires
899 4297 1006 4333 centrum
1020 4287 1042 4334 T
1050 4287 1072 4333 ri
1082 4302 1110 4334 er
1122 4285 1191 4334 Lunai
1203 4289 1348 4348 procedente,
1365 4287 1484 4348 particula
1500 4289 1528 4334 in

237 4361 267 4397 ut
282 4350 304 4400 F
317 4350 341 4398 G
357 4360 381 4399 et
399 4353 422 4398 G
434 4353 457 4398 L
474 4353 559 4415 (Prop.
573 4351 673 4400 var.
693 4352 747 4398 Lib.
762 4351 805 4411 L).
842 4352 867 4398 Si
900 4349 951 4397 loco
964 4351 990 4404 C,
1007 4365 1087 4397 remus
1104 4351 1198 4399 Lunam
1213 4351 1444 4413 magiaattrahuntur
1454 4350 1528 4414 quarn

238 4424 318 4462 eutem
333 4431 349 4462 a
364 4415 385 4460 ri
396 4414 438 4461 itta
451 4415 502 4476 qua
512 4431 596 4475 corpus
606 4417 632 4462 in
650 4416 672 4462 E
685 4415 785 4464 locatum
797 4430 867 4477 urge-
902 4415 974 4461 'l'erra
990 4414 1080 4475 integre
1095 4430 1149 4476 quar
1165 4416 1189 4460 in
1205 4425 1285 4462 centro
1297 4415 1319 4464 T
1331 4415 1405 4463 locata
1416 4415 1473 4478 fingi
1484 4431 1529 4476 po-

238 4487 285 4534 tur,
296 4494 350 4540 que
360 4489 433 4525 eet-ut
450 4480 473 4525 G
487 4479 516 4535 L,
533 4479 652 4527 solemur
661 4480 697 4524 vis
706 4489 734 4526 ut
749 4480 771 4526 Τ
783 4480 806 4526 L
821 4476 870 4541 qui
901 4487 959 4536 test,
977 4478 1095 4538 particulae
1104 4487 1183 4526 autern
1195 4480 1220 4524 in
1230 4478 1282 4526 loco
1296 4481 1325 4533 Α,
1342 4495 1420 4526 versus
1432 4479 1530 4526 Lunam

240 4553 349 4590 oentnrm
366 4541 469 4590 Telluris
478 4553 576 4604 urgetur
586 4558 664 4590 versus
680 4543 782 4599 Lunam,
798 4543 869 4589 relin-
901 4539 980 4588 mittite
992 4543 1139 4590 attrahuntur
1173 4540 1227 4589 urim
1251 4543 1323 4589 Terra
1343 4543 1434 4606 integra
1452 4544 1477 4589 in
1497 4543 1530 4598 T,

239 4616 344 4668 quantur
361 4607 421 4654 vires
436 4616 464 4653 ut
481 4607 502 4654 F
515 4607 546 4661 G,
563 4607 585 4652 G
599 4607 628 4661 T,
646 4609 730 4666 quibus
742 4622 830 4666 eorpus
847 4607 870 4654 E
904 4605 1002 4667 ideoque
1018 4607 1099 4654 eodem
1170 4621 1185 4652 ο
1197 4605 1330 4654 alliciuntur
1343 4605 1443 4654 scaled
1454 4617 1533 4668 partes

239 4671 381 4717 sollicitatur
399 4681 482 4731 praeter
502 4673 550 4716 rim
571 4671 670 4729 proprie
689 4670 806 4733 gravitatis
821 4667 872 4730 qui
903 4669 1028 4716 connarirs
1043 4681 1189 4733 urgerentur.
1224 4671 1259 4717 At
1275 4670 1393 4730 particula
1408 4671 1431 4718 in
1442 4669 1534 4718 circulo

239 4733 319 4782 tendit
330 4750 409 4782 versus
418 4745 524 4782 reanum
533 4735 612 4781 Tarra
623 4734 701 4780 etrirn
712 4734 756 4794 ipsi
766 4747 871 4780 commn-
906 4734 928 4780 B
943 4733 975 4791 D,
991 4733 1067 4798 mugit
1081 4733 1197 4798 gravitant
1206 4747 1286 4781 rerem
1303 4734 1341 4794 T;
1358 4735 1384 4782 in
1399 4734 1456 4783 bet·
1471 4735 1535 4782 inter
