3384 5459
568 417 908 515 srnnumuxus
932 419 1091 525 Mirus.
1407 433 1466 530 mr

700 665 884 742 SECTIO
910 666 962 740 II.
1067 662 1071 670 ’

551 827 571 864 ’
706 861 956 928 rumorem.

231 1044 452 1110 Phaenomenis
466 1045 668 1111 metusmaris
682 1047 903 1134 insignioribus
917 1051 1053 1115 breviter
1067 1049 1235 1127 recensitis,
1251 1053 1469 1139 progredimur

184 1147 228 1212 ad
249 1154 410 1238 principis,
433 1151 518 1218 unde
531 1154 646 1219 borum
660 1156 740 1220 ratio
754 1171 801 1222 est
815 1158 985 1224 reddenda.
1030 1159 1140 1224 Liceat
1154 1171 1259 1224 tumen
1273 1161 1398 1245 praeferi
1411 1185 1469 1229 no·

185 1261 367 1325 bilissirnem
382 1262 518 1347 quidem,
534 1264 590 1327 sed
604 1265 695 1328 simul
709 1265 922 1332 difficillimum
937 1291 1005 1334 esse
1019 1269 1102 1334 hunc
1116 1270 1323 1354 philosophiae
1335 1284 1467 1356 purtem,

186 1391 257 1454 quae
270 1369 550 1454 pbaenomenorum
565 1395 673 1437 causas
687 1375 853 1464 investiget
866 1389 897 1442 et
917 1378 1061 1462 explicet.
1106 1379 1217 1451 Eaest
1230 1393 1350 1444 neturae
1362 1383 1469 1454 ‚subti-

184 1478 266 1555 litas
282 1491 317 1542 ut
330 1501 396 1542 non
407 1481 447 1544 sit
457 1481 571 1544 mirum
582 1503 689 1546 causas
703 1485 877 1566 primarius,
890 1485 1046 1551 solertium
1060 1484 1319 1572 philosophorum
1333 1489 1469 1574 plerum·

185 1608 248 1671 que
270 1585 416 1672 effugere.
464 1586 530 1662 Qui
552 1589 691 1652 omniurn
716 1589 996 1673 phaenomenorum
1022 1593 1167 1672 rationes,
1193 1617 1361 1680 exponere,
1388 1597 1468 1660 inte·

183 1712 338 1780 gramque
362 1715 526 1758 causarum
549 1697 661 1760 seriem
685 1699 776 1762 nobis
800 1699 951 1766 exhibere
972 1701 1006 1765 in
1027 1723 1061 1766 se
1083 1715 1296 1787 susceperunt,
1323 1705 1370 1769 illi
1386 1705 1468 1770 certe

184 1802 307 1890 magnis
321 1803 385 1865 suis
400 1803 483 1867 ausis
502 1803 664 1890 hucusque
678 1805 870 1872 exciderunt.
917 1807 1150 1892 Philosophiam
1165 1809 1292 1895 quidem
1309 1810 1469 1894 perfectis-

185 1911 297 1974 simam
310 1912 370 1974 viri
391 1911 553 1976 clarissimi
574 1913 633 1976 sibi
653 1926 885 1999 proposuerunt
899 1915 1129 1993 exstnrendam,
1146 1917 1270 2001 qualem
1282 1930 1389 1982 tamen
1409 1918 1469 1984 hu·
1505 1923 1511 1944 ⁸

184 2041 287 2082 manae
301 2021 378 2084 sorti
393 2033 570 2103 competere
582 2021 630 2084 sss
643 2033 692 2085 est
705 2021 857 2087 dubitare.
903 2023 1037 2090 Praestst
1049 2023 1145 2110 igitur
1159 2035 1316 2088 tentorum
1331 2027 1469 2090 virorum

186 2149 333 2190 successu
345 2124 450 2190 minus
464 2125 546 2190 felici
567 2127 705 2206 edoctos,
726 2129 825 2213 ipsius
838 2141 961 2198 nutrrrae
975 2131 1104 2217 vestigia
1117 2130 1206 2208 cuutd
1220 2143 1254 2196 et
1272 2131 1355 2196 lentd
1370 2133 1468 2219 sequi·

185 2233 284 2310 Qudd
306 2231 334 2296 si
353 2233 562 2317 pbaenomena
575 2233 617 2297 ed
630 2235 788 2320 generalis
800 2235 946 2322 quadum
964 2236 1118 2320 principis
1131 2236 1281 2314 reducere
1301 2241 1467 2322 possimus,

183 2339 361 2424 horumque
380 2339 462 2402 vires
482 2338 603 2403 calculo
623 2339 785 2424 subjicere,
807 2341 894 2406 hisce
914 2341 1062 2429 gradibus
1077 2342 1214 2429 aliquam
1227 2363 1309 2408 verte
1330 2343 1468 2427 philoso-

182 2447 268 2532 phice
294 2459 415 2532 portem
438 2469 657 2538 assequemur3
683 2471 755 2534 quse
779 2449 905 2535 quidem
926 2471 1038 2518 menos
1063 2471 1117 2516 seu
1142 2449 1324 2534 imperfecta
1349 2453 1416 2530 erit,
1442 2454 1468 2517 si

184 2557 325 2641 ipsorum
345 2556 572 2642 principiorum
594 2577 696 2620 censue
715 2556 851 2634 lstenut3
880 2569 967 2622 tenta
987 2569 1093 2622 tunm
1114 2557 1195 2622 inest
1215 2579 1322 2622 rerum
1345 2571 1468 2622 naturae

185 2677 341 2742 venustus,
363 2677 400 2729 ut
420 2684 458 2730 eo
477 2685 552 2748 pars
571 2661 665 2749 longe
686 2677 814 2747 prestet
834 2663 1040 2730 subtilissimis
1061 2664 1205 2746 virorum¹
1219 2664 1468 2748 acutissimorum

185 2774 378 2839 commentis.

230 2882 341 2946 Motus
354 2883 450 2946 muris
465 2882 561 2947 cuivis
576 2880 626 2946 vel
639 2880 749 2948 leviter
760 2879 967 2968 perpendenti
981 2877 1178 2948 manifestum
1192 2891 1240 2946 est
1258 2879 1466 2958 luminarium,

185 2987 287 3051 Lunae
300 2988 484 3072 proesertim‚
506 2989 643 3054 motibus
656 2989 766 3053 affines
780 3011 848 3054 esse
862 3001 894 3052 et
915 2989 1071 3075 anulogos.
1087 3049 1091 3060 ,
1115 2987 1237 3054 Eodem
1252 2999 1300 3050 est
1319 2987 1467 3071 periodus

183 3097 289 3161 motus
303 3097 397 3162 moris
412 3097 518 3173 diurni
531 3120 570 3162 ac
591 3098 694 3162 Lunae
707 3097 749 3162 nd
762 3095 968 3162 meridianum
982 3097 1054 3174 loci,
1078 3095 1186 3162 eedem
1200 3095 1303 3160 motlls
1317 3095 1469 3159 menstrui

182 3225 221 3284 sc
242 3203 344 3268 Lunue
366 3203 407 3268 ad
431 3204 555 3281 Solem3
578 3204 739 3290 utriusque
760 3202 922 3268 luminaris
934 3202 990 3272 svis
1012 3203 1045 3266 in
1066 3214 1153 3266 motu
1172 3201 1267 3266 muris
1288 3201 1468 3288 generando

181 3307 258 3372 binc
278 3309 389 3387 elucet,
412 3309 499 3395 qudd
520 3321 614 3374 aestm
630 3310 694 3373 sint
705 3310 838 3394 majores
853 3308 917 3394 qud
938 3309 1075 3373 minores
1096 3309 1257 3395 utriusque
1272 3308 1428 3374 distentiae
1449 3332 1469 3373 e

183 3414 307 3490 Terre3
329 3413 408 3478 sdeb
428 3427 465 3479 ut
483 3415 589 3478 nullus
610 3415 652 3479 sit
673 3413 837 3478 dubitandi
858 3413 956 3492 locus,
977 3425 1097 3478 motum
1110 3415 1205 3478 meris
1220 3435 1286 3477 esse
1301 3413 1402 3499 aliqud
1418 3435 1468 3476 re-

181 3519 271 3582 tione
284 3519 326 3583 sd
338 3531 459 3584 motum
475 3520 577 3584 Lunae
591 3531 624 3582 et
639 3517 722 3583 Solis
736 3519 953 3603 compositum.
992 3519 1110 3594 Quales
1126 3531 1230 3582 sutem
1246 3518 1383 3582 dicemus
1398 3518 1466 3582 illas

182 3647 252 3690 esse
271 3626 353 3690 vires
366 3649 438 3712 quae
458 3649 478 3689 a
500 3626 594 3690 Luna
617 3637 649 3689 et
665 3624 737 3689 Sole
758 3637 939 3711 propagatae
963 3629 1030 3709 (aut
1043 3624 1083 3688 eb
1097 3623 1147 3688 his
1161 3625 1266 3710 aliquo
1279 3624 1375 3688 modo
1388 3645 1466 3708 pen-

182 3734 304 3815 dentes)
320 3757 433 3820 aquam
452 3733 501 3797 bis
517 3732 646 3819 singulis
664 3731 776 3795 diebus
798 3719 912 3794 tollunt
926 3743 958 3795 et
971 3731 1150 3814 deprimunt
1156 3755 1166 3806 3
1189 3753 1261 3817 quse
1281 3729 1315 3794 in
1334 3729 1466 3816 syzygiis

181 3839 382 3903 luminarium
396 3838 585 3922 conspirant,
601 3835 798 3923 quadraturis
811 3846 954 3922 pugnant
962 3859 972 3911 3
994 3836 1027 3898 in
1041 3835 1213 3898 minoribus
1227 3833 1388 3920 utriusque
1402 3835 1466 3896 dis-

181 3948 287 4014 tantiis
300 3960 465 4034 nugentur,
488 3947 521 4010 in
540 3945 708 4029 majoribus
722 3944 922 4020 minuuntur3
945 3965 1015 4029 quae
1030 3944 1064 4006 in
1077 3943 1189 4008 minori
1212 3942 1314 4006 Lunae
1329 3941 1475 4006 declina-·

180 4054 268 4118 tione
281 4052 434 4129 fortiores,
448 4051 483 4114 in
497 4051 607 4136 mojori
621 4050 788 4116 debiliores
798 4062 889 4127 sunt3
905 4063 936 4114 et
949 4071 1174 4136 nonnunquam
1184 4050 1333 4134 majorem
1344 4062 1465 4112 motum

179 4164 266 4228 cient
279 4160 350 4228 ciun
367 4162 422 4228 Sol
436 4173 468 4226 et
482 4163 575 4228 Lunn
588 4160 669 4224 infra
681 4159 875 4224 horizontem
886 4158 1111 4242 deprimuntur,
1127 4154 1221 4242 qudm
1236 4154 1308 4219 crim
1324 4157 1356 4218 in
1372 4157 1466 4221 meri-

181 4270 278 4335 diano
291 4249 445 4356 superiori
466 4270 560 4334 ambo
581 4270 790 4334 dominentur.
837 4268 978 4332 Fuerunt
992 4267 1049 4330 viri
1071 4265 1264 4340 celeberrimi
1279 4266 1333 4350 qui
1354 4280 1464 4352 aestum

180 4380 277 4451 maris
298 4379 460 4462 pressione
475 4375 611 4462 quidam
632 4373 831 4456 Lunaelcieri
852 4385 1011 4458 putenmt.
1057 4370 1177 4435 Verrim
1192 4393 1316 4436 causam
1331 4384 1363 4436 et
1376 4393 1464 4434 men·

180 4506 288 4549 surum
302 4484 397 4568 hujus
407 4482 578 4567 pressionis
592 4503 657 4545 non
671 4480 885 4556 ostenderunt,
900 4501 959 4542 nec
973 4500 1036 4565 quo
1049 4490 1142 4563 pecto
1156 4490 1259 4541 motus
1273 4477 1367 4539 maris
1386 4475 1464 4539 varii

179 4588 256 4654 binc
277 4589 352 4652 oriri
372 4589 495 4672 possint
515 4587 587 4650 satis
609 4584 691 4650 clere
711 4585 899 4661 indicarunt,
922 4582 1022 4647 multd
1044 4582 1147 4650 minius
1169 4597 1272 4648 motus
1294 4581 1363 4644 illos
1390 4579 1463 4664 (hoc

55 4696 59 4701 ⁴
179 4694 336 4779 principio
349 4693 465 4778 posito)
480 4693 520 4756 ad
536 4691 689 4756 calculum
703 4712 850 4756 revocare
865 4690 1051 4780 docuerunt.
1074 4769 1078 4779 ¹

799 4796 849 4851 Qt
