3384 5459
455 449 649 522 FLUXUS
669 454 733 521 Ac
757 452 1011 520 REFLUXUS
1032 452 1190 520 MARIS.
1400 458 1463 519 265

178 672 221 737 M
232 674 263 737 R
278 672 441 761 urgebitur
454 673 485 737 vi
500 702 536 729 -a
554 628 698 792 δ-ξῌ.
743 672 889 737 Gravitas
903 672 998 759 igitur
1012 669 1146 735 maxime
1162 668 1335 757 augebitur,
1351 670 1377 733 si
1391 690 1464 755 pur·

174 838 274 903 ticulu
291 838 331 902 M
344 838 445 923 positu
454 837 549 901 fuerit
562 838 596 901 in
610 838 645 902 D
660 836 709 903 vel
725 838 765 916 E,
781 838 894 923 quibus
908 838 941 901 in
955 838 1032 903 locis
1046 850 1198 921 punctum
1214 837 1285 901 Sin
1301 835 1463 903 horizonte

176 1005 309 1079 apparet
315 1016 326 1069 ;
345 992 389 1056 ibi
404 991 478 1058 verb
490 994 649 1081 gravitatis
663 1003 865 1083 augmentum
879 995 938 1059 erit
956 1024 991 1049 =
1007 950 1080 1115 ἐκ
1108 994 1148 1058 In
1168 994 1292 1077 punctis
1312 992 1462 1059 auternA

176 1172 210 1223 et
226 1159 265 1237 B,
280 1171 515 1246 quaepunctum
532 1160 556 1224 S
570 1159 621 1223 vel
641 1160 674 1223 in
689 1182 748 1224 suo
760 1160 865 1224 zenitb
879 1159 929 1223 vel
950 1158 1041 1222 nudir
1061 1158 1198 1243 positum
1212 1158 1337 1236 hebent,
1362 1160 1462 1223 maxi-

169 1307 267 1377 'mum
280 1311 531 1399 deprehendetur
546 1313 705 1401 gravitatis
719 1282 961 1391 decrementum,
974 1312 1059 1398 quod
1074 1313 1191 1378 scilicet
1205 1314 1263 1378 erit
1276 1346 1311 1369 =
1328 1270 1383 1435 {³8
1391 1338 1401 1393 ς
1419 1314 1463 1380 itu

175 1488 214 1544 ut
226 1478 399 1543 maximum
412 1478 574 1565 gravitatis
586 1476 830 1555 decrementum,
843 1478 940 1563 duplb
954 1480 1054 1565 majus
1069 1478 1109 1543 sit
1119 1476 1213 1565 quun
1228 1478 1399 1543 maximum
1413 1480 1461 1543 in-

173 1642 377 1695 crementum.
422 1628 479 1694 Vis
493 1642 599 1695 eutem
612 1630 813 1694 horizontulis
827 1587 961 1749 ἕ-ῗ-ξ]
983 1632 1120 1695 maxime
1141 1629 1259 1709 evadet,
1283 1630 1309 1694 si
1330 1631 1461 1718 angulus

172 1794 209 1863 A
224 1796 253 1863 C
268 1795 309 1861 M
330 1794 424 1862 fuerit
443 1795 650 1873 semi-rector,
672 1794 707 1859 id
727 1794 813 1880 quod
832 1794 947 1859 eccidit
968 1796 1002 1859 in
1026 1796 1067 1859 iis
1087 1795 1198 1859 Terrce
1214 1794 1404 1881 regionibus,
1428 1796 1462 1859 in

175 1905 291 1993 quibus
305 1917 458 1989 punctum
479 1905 503 1970 S
521 1904 711 1989 conspicitur
731 1904 781 1969 vel
804 1912 869 1969 45⁰.
883 1903 1032 1991 gradibus
1048 1926 1144 1987 supra
1156 1903 1349 1967 horizontem
1363 1904 1462 1969 eleva·
1581 1983 1584 1994 Ι

173 2026 253 2091 tum,
269 2012 319 2079 vel
332 2011 517 2077 tantundem
531 2012 590 2075 sub
605 2010 768 2075 boriwnte
782 2011 966 2095 depressum
987 2009 1081 2075 latet:
1104 2010 1154 2073 his
1175 2009 1270 2097 igitur
1283 2010 1406 2075 ensibus
1420 2010 1462 2074 ob

173 2190 200 2232 x
213 2192 236 2256 y
253 2198 288 2223 =
306 2172 326 2251 ᾖ
344 2152 459 2232 iietvis
479 2165 680 2231 horizontulis
697 2196 732 2221 =
752 2120 842 2285 ἐξ.
888 2162 995 2250 Hujus
1019 2186 1095 2251 ergo
1119 2164 1165 2228 vis
1191 2162 1317 2227 effectus
1342 2164 1375 2227 in
1400 2165 1461 2229 hoc

174 2332 335 2409 coruistet,
351 2343 387 2395 ut
400 2331 531 2395 directio
543 2328 702 2419 gravitatis
715 2342 863 2407 mutetur,
880 2339 972 2413 utque
986 2326 1094 2391 versds
1109 2340 1224 2391 rectum
1244 2328 1267 2393 S
1283 2327 1312 2391 C
1333 2328 1462 2393 incline-

172 2442 227 2548 tur
240 2482 360 2571 angulo
372 2485 459 2569 cnjus
473 2495 604 2569 ungens
618 2495 665 2547 est
678 2512 713 2539 α
724 2437 823 2600 ἐξ,
838 2450 1075 2544 εκίείεηῐεέἰῃιι
1090 2490 1157 2544 toto
1175 2508 1211 2533 =
1226 2488 1255 2557 l,
1271 2480 1345 2565 quie
1357 2482 1461 2567 gravi-

173 2661 272 2715 tatem
286 2650 404 2713 unitate
418 2648 626 2737 designamus.

216 2762 242 2840 ᾗ.
257 2766 309 2823 to.
345 2755 410 2821 Hae
430 2757 535 2842 itaque
555 2755 636 2821 vires
657 2754 686 2818 si
705 2754 779 2818 sutis
800 2766 903 2817 essent
923 2772 1056 2839 mugnae,
1079 2750 1112 2813 in
1133 2751 1324 2837 ponderibus
1350 2754 1458 2843 utique

171 2860 281 2927 sentiri
303 2860 462 2937 deberent,
484 2882 522 2924 ec
543 2859 630 2945 prior
650 2855 777 2945 quidem
796 2858 979 2945 gravitatem
1001 2855 1174 2919 naturalem
1196 2857 1247 2919 vel
1271 2880 1388 2949 eugpns
1409 2860 1458 2925 vel

173 2968 352 3033 diminuens
377 2964 410 3029 in
439 2964 682 3029 oscillationibus
712 2963 921 3049 penduiorum
950 2962 1154 3027 mrimedrerti
1178 2962 1316 3043 deberet,
1348 2989 1457 3031 eorum

169 3087 297 3141 motum
318 3073 368 3139 vel
388 3072 592 3139 accelerando
611 3072 661 3137 vel
682 3070 887 3147 retardand03
909 3070 1063 3155 posterior
1078 3068 1152 3135 verb
1167 3070 1213 3135 vis
1229 3070 1322 3135 situm
1337 3075 1458 3159 pendu.

167 3186 274 3251 iorum
295 3184 520 3273 quiescentium
541 3182 720 3247 verticulem
741 3180 781 3247 de
801 3180 864 3245 boo
886 3180 947 3243 situ
968 3178 1156 3256 deflecteret,
1187 3193 1280 3267 atque
1307 3182 1347 3247 ad
1372 3184 1457 3249 hori·

168 3308 295 3359 mntem
310 3296 492 3359 inclinatum
515 3293 660 3358 efficeret.
705 3290 864 3367 Quoniam
884 3300 987 3353 eutem
1006 3288 1186 3374 hujusmodi
1205 3290 1456 3377 perturbationes

168 3424 236 3465 nou
262 3404 474 3480 observemus,
496 3423 601 3486 operae
622 3400 760 3485 pretium
779 3398 839 3465 erit
858 3396 992 3461 dilucide
1011 3413 1186 3465 monstrare
1205 3404 1285 3469 vires
1307 3406 1374 3470 illas
1392 3422 1456 3471 tam

168 3533 239 3575 esse
260 3513 397 3601 exiguus,
419 3524 456 3576 ut
476 3508 511 3578 hi
534 3510 660 3578 effectus
683 3530 792 3576 smnus
814 3519 939 3577 nostros
959 3511 1087 3576 omniub
1109 3512 1266 3601 effigient.
1313 3514 1454 3579 Primum

166 3664 265 3752 igitur
292 3662 367 3729 οὑπὶ
392 3686 454 3751 pro
483 3665 558 3733 Sole
587 3666 627 3731 sit
657 3666 682 3733 S
706 3696 743 3723 π
772 3670 901 3734 227512
922 3677 1015 3753 etque
1036 3688 1055 3729 a
1079 3692 1114 3721 ε
1137 3620 1390 3787 9069(),ετὶί.ἓ..δ
1414 3698 1449 3723 =

168 3838 381 4002 ffl³
411 3897 470 3961 pro
499 3836 1146 3999 IjuurieutemquieestS=3¹5ete
1174 3904 1209 3929 ==
1242 3884 1294 3951 60,
1323 3832 1457 3997 erit-5³

169 4106 207 4135 -··-
223 4049 394 4209 m·
418 4103 459 4145 ex
480 4103 544 4167 quo
564 4080 609 4145 vis
634 4080 738 4148 Lunoe
761 4082 834 4167 plus
857 4078 951 4167 quim
980 4092 1089 4165 quater
1112 4078 1212 4163 major
1234 4090 1281 4143 est
1301 4080 1333 4143 vi
1359 4080 1452 4161 Solis,

166 4249 290 4317 ceteris
307 4250 453 4335 paribus3
477 4262 571 4338 utque
592 4248 620 4316 si
644 4250 725 4317 Solis
745 4264 777 4316 et
796 4250 898 4316 Lunae
919 4248 1000 4315 vires
1025 4246 1153 4332 proretis
1179 4248 1367 4333 conspirent,
1394 4251 1454 4318 erit

165 4419 209 4462 ex
239 4398 277 4461 iis
311 4399 500 4489 conjunctim
533 4364 590 4527 ἔτ
616 4430 652 4457 =
674 4371 828 4535 &Ji-750
844 4422 900 4465 seu
917 4399 1060 4485 proxime
1082 4430 1116 4455 =
1135 4370 1299 4532 ἢ-ὠ-ἑδῶ.
1363 4403 1452 4471 Hinc

1354 4586 1365 4641 l

163 4617 304 4685 maximo
324 4620 485 4708 gravitetis
499 4620 674 4703 diminutio,
697 4646 770 4711 quoe
784 4622 911 4711 quidem
925 4621 1001 4687 oriri
1014 4623 1138 4708 poterit,
1156 4623 1215 4689 erit
1233 4654 1267 4681 ==
1287 4664 1448 4746 ε-ὲῶόο-Ο,
