3384 5459
254 384 308 449 xiv
441 333 448 352 ⁸
729 381 1061 448 mnnonucno
1388 385 1486 464 [cn.
1503 384 1531 449 1.

144 600 149 611 .
253 549 322 615 SA
340 550 468 635 Bquus
491 552 603 617 limbus
618 555 649 616 A
665 554 693 616 C
710 554 738 617 B
757 554 789 617 in
804 555 920 642 gradus
935 568 967 619 et
980 557 1100 620 minuta
1121 556 1238 621 diuisus
1260 571 1307 620 est
1328 556 1372 622 iat
1385 558 1532 623 statuitur

251 668 286 721 ut
299 656 388 719 filum
404 660 427 723 S
444 659 471 721 C
487 659 520 724 D
535 659 673 743 pondere
688 659 721 724 D
737 672 860 724 tensum
874 662 1008 748 ideoque
1030 663 1184 740 verticale,
1207 664 1338 727 limbum
1360 664 1442 728 illius
1461 677 1532 729 tan·

249 772 312 849 gat,
328 762 441 828 deind&
455 763 499 828 itt
513 766 641 829 vertitur
655 777 690 829 ut
705 765 790 832 sidus
806 768 836 833 L
850 769 938 853 cujus
952 769 1086 833 altitudo
1096 769 1290 835 observanda
1299 781 1357 848 est,
1371 791 1430 854 per
1438 770 1531 857 diop-

244 2786 309 2839 tras
324 2784 377 2835 aut
391 2792 448 2856 per
462 2768 665 2853 teleseopium
679 2767 769 2831 lateri
787 2768 809 2831 S
827 2766 855 2831 B
870 2767 999 2833 affixum
1015 2768 1155 2834 videatur
1168 2770 1202 2835 in
1216 2772 1327 2837 eodem
1344 2774 1441 2837 latere
1458 2775 1481 2838 S
1496 2772 1528 2837 B

244 2882 410 2968 producto.
450 2884 525 2956 Quo
539 2878 631 2955 facto,
647 2878 780 2941 habetur
795 2898 885 2940 arcus
902 2880 932 2940 A
951 2878 988 2954 C,
1005 2900 1151 2943 mensura
1164 2880 1335 2945 altitudinis
1349 2883 1527 2966 apparentis

244 2990 274 3055 L
299 2993 322 3056 S
343 2990 382 3068 h3
399 3013 478 3071 nam
500 2988 571 3053 cinn
594 2984 682 3050 filum
704 3009 722 3049 e
745 2984 924 3071 quadrantis
948 2998 1056 3050 centro
1080 2990 1112 3064 S,
1135 2988 1276 3072 pendens
1298 2990 1338 3052 sit
1357 3012 1479 3073 semper
1493 2990 1527 3051 in

243 3096 340 3179 plano
361 3093 508 3179 verticali,
532 3092 687 3180 quadrans
711 3092 742 3155 A
766 3090 789 3156 S
813 3090 841 3155 B
864 3091 922 3154 erit
944 3092 1035 3156 etiam
1056 3094 1089 3156 in
1107 3094 1216 3159 eodem
1230 3095 1335 3179 plano,
1352 3097 1456 3179 (Euel.
1476 3106 1525 3162 18.

245 3201 323 3282 XI.)
339 3202 471 3287 ide6que
492 3199 515 3263 h
535 3222 551 3262 r
573 3198 614 3262 ad
630 3200 654 3263 S
669 3200 702 3263 D
717 3196 995 3282 perpendicularis,
1011 3200 1071 3262 erit
1084 3200 1258 3265 intersectio
1271 3203 1441 3268 horizontis
1456 3227 1526 3267 sen·

245 3308 342 3372 sibilis
357 3324 389 3375 et
401 3308 488 3393 plani
502 3306 654 3372 verticalis
668 3327 727 3390 per
750 3302 779 3367 L
799 3302 895 3382 ducti,
911 3304 1004 3389 atque
1019 3307 1151 3393 angulus
1167 3309 1197 3372 L
1213 3310 1237 3373 S
1251 3308 1273 3370 h
1287 3308 1396 3371 sideris
1413 3308 1441 3372 L
1457 3308 1527 3372 alti-

245 3416 323 3479 tudo
345 3436 507 3500 apparens.
548 3412 617 3498 Sed
639 3413 664 3476 si
687 3413 727 3477 ab
749 3410 870 3499 angulis
891 3412 983 3475 rectis
1006 3413 1037 3476 L
1052 3415 1076 3478 S
1091 3415 1133 3491 A,
1153 3426 1185 3477 et
1199 3412 1221 3476 h
1237 3415 1261 3478 S
1275 3414 1320 3490 D,
1336 3413 1527 3477 subducatur

245 3523 418 3586 communis
433 3520 455 3586 h
472 3524 496 3587 S
512 3522 553 3600 A,
569 3532 730 3585 remanent
745 3518 880 3604 aequales
895 3519 1002 3605 anguli
1020 3520 1050 3583 L
1066 3521 1089 3586 S
1103 3520 1126 3583 h
1139 3532 1172 3585 et
1187 3522 1217 3585 A
1234 3522 1258 3585 S
1274 3522 1321 3597 C;
1343 3521 1436 3606 hujus
1450 3522 1527 3587 verb

244 3650 389 3693 mensura
404 3639 450 3693 est
464 3650 554 3693 arcus
570 3628 601 3692 A
617 3627 655 3690 C.
1155 3647 1159 3653 ·

289 3742 339 3798 12.
364 3734 452 3798 Hinc
474 3733 608 3797 describi
629 3744 734 3817 potest
747 3731 830 3797 linea
844 3733 1017 3798 meridiana
1030 3732 1126 3819 supra
1140 3757 1234 3820 quam
1248 3736 1274 3798 si
1289 3722 1433 3799 statuitur
1453 3755 1527 3818 per-

243 3838 484 3923 pendiculariter
499 3836 654 3925 quadrans
668 3838 795 3914 circuli,
812 3839 970 3903 observari
984 3840 1099 3923 poterit
1114 3839 1246 3903 altitudo
1258 3840 1430 3903 meridiana
1444 3840 1528 3903 side-

244 3948 299 4013 ris.
344 3948 428 4011 Nam
442 3948 631 4013 meridianus
652 3949 812 4032 portiones
835 3947 905 4011 illas
929 3948 1115 4012 circulorum
1130 3949 1279 4034 aequatori
1293 3948 1526 4033 parallelorum,

245 4074 316 4138 quae
339 4074 434 4138 supra
453 4054 647 4117 horizontem
669 4054 807 4118 eminent
828 4065 860 4117 et
882 4054 937 4139 qui
962 4076 1050 4118 arcus
1073 4054 1178 4117 diurni
1202 4055 1357 4132 dicuntur,
1382 4054 1528 4121 bifariam

245 4174 328 4227 secat
343 4167 412 4247 (per
428 4161 478 4225 El.
495 4162 558 4227 XI.
578 4172 627 4227 19.
643 4174 674 4225 et
689 4170 730 4239 4.,
755 4174 786 4226 et
802 4162 852 4225 El.
871 4162 936 4226 ΙΙΙ.
953 4164 1019 4242 80.)
1041 4160 1114 4226 crim
1128 4164 1168 4227 sit
1182 4164 1242 4228 illis
1256 4164 1378 4227 circulis
1394 4177 1427 4229 et
1440 4165 1527 4228 hori-

245 4272 328 4333 zonti
343 4294 396 4336 eos
411 4294 501 4336 arcus
515 4271 693 4335 terminanti
713 4270 988 4355 perpendicularis,
1003 4282 1036 4334 et
1048 4283 1215 4355 propterea
1228 4274 1254 4336 si
1267 4272 1300 4335 in
1315 4273 1433 4357 cirpulo
1446 4295 1528 4358 quo·

245 4376 321 4441 libet
348 4379 462 4443 diurno
485 4391 645 4442 sumantur
670 4390 786 4462 puncta
810 4376 875 4440 duo
902 4376 976 4440 hinc
1001 4376 1075 4441 inde
1100 4378 1250 4442 orientem
1276 4390 1309 4442 et
1332 4380 1528 4445 occidentem

244 4483 351 4548 versus
366 4508 386 4547 a
400 4484 572 4554 meridiano
587 4484 823 4570 mquidistantia,
840 4506 879 4547 ea
891 4496 1008 4568 puncta
1017 4495 1109 4547 erunt
1118 4503 1213 4568 supra
1222 4484 1414 4550 horizontem
1429 4488 1528 4550 sensi-

246 4592 342 4657 bilem
357 4592 446 4671 aeque
461 4592 533 4670 alta,
550 4603 582 4657 et
595 4592 705 4655 contra
719 4593 745 4657 si
760 4590 850 4677 aequie
864 4591 933 4655 alta‘
941 4591 1013 4669 sint,
1035 4614 1054 4654 a
1067 4591 1240 4657 meridiano
1254 4595 1328 4658 hinc
1341 4594 1414 4659 inde
1429 4596 1527 4683 oequi-
