3384 5459
446 439 637 513 FLUXUS
660 447 721 512 AC
744 446 998 513 REFLUXUS
1021 444 1178 511 MARIS.
1389 452 1447 509 881

168 628 262 711 pulsa
281 628 323 691 ad
342 628 439 692 latera
459 628 602 695 diffluere
616 632 734 716 nequit,
757 630 784 694 si
805 630 932 716 quidem
947 630 1032 694 sinus
1048 626 1163 693 directi
1178 624 1286 691 vereris
1301 646 1370 689 eam
1383 624 1451 709 pla-

170 758 243 821 gam
264 749 377 821 pateat,
401 738 486 801 unde
508 762 589 824 aqua
608 740 780 805 advehitur.
826 738 879 803 Ex
891 739 941 803 hia
956 740 1051 826 igitur
1065 760 1129 803 non
1145 738 1245 801 solum
1262 736 1340 799 ratio
1354 744 1449 818 patet,

169 866 226 907 cur
247 866 327 928 aqua
348 842 412 907 fere
427 845 541 931 ubique
556 847 596 910 ad
611 847 716 911 littora
736 846 777 911 ad
797 848 897 911 multo
917 848 1067 933 majorem
1088 846 1282 911 altitudinem
1304 843 1449 917 elevetur,

168 950 263 1037 quam
284 951 317 1013 in
337 952 441 1014 medio
463 954 551 1031 mari,
575 953 630 1017 aed
652 956 745 1017 etiam
766 976 823 1018 cur
845 954 985 1017 Bristolii
1007 968 1068 1017 tam
1091 952 1226 1017 enormis
1240 950 1344 1013 fluxus
1367 948 1449 1010 circa

168 1060 309 1147 syzygias
324 1061 521 1125 luminarium
535 1064 731 1140 observetur3
758 1064 829 1129 culm
845 1065 927 1129 enim
942 1064 975 1127 in
989 1064 1048 1128 hic
1062 1062 1190 1150 regione
1203 1062 1289 1125 littus
1304 1060 1344 1122 sit
1359 1056 1448 1122 valdd

170 1168 333 1231 sinuosum
346 1190 383 1230 ac
397 1168 556 1246 vadosum,
572 1193 654 1257 aqua
666 1172 846 1236 maximati
866 1172 1041 1256 appellitur,
1064 1192 1165 1257 neque
1180 1170 1221 1233 ob
1237 1168 1450 1231 sinuositatem

168 1284 234 1336 tam
249 1272 313 1337 citri
326 1272 466 1337 diffluere
480 1288 591 1359 potest.
637 1278 743 1363 Atque
756 1300 797 1341 ex
817 1277 866 1341 his
888 1278 1048 1363 principiis
1063 1298 1128 1340 non
1142 1276 1201 1341 erit
1215 1274 1338 1339 difficile
1354 1272 1448 1337 ratio-

166 1403 240 1445 nem
256 1380 508 1445 inconsuetorum
522 1396 664 1460 aestuum,
680 1386 733 1469 qui
746 1386 861 1469 passim
877 1386 909 1449 in
924 1385 1016 1449 variis
1030 1384 1182 1468 portubus
1197 1380 1448 1445 animadvertun-

167 1502 228 1567 tur,
256 1488 395 1552 indicare
419 1500 512 1575 atque
537 1492 711 1577 explicare3
741 1494 944 1579 quamobrem
967 1492 1060 1577 hujus
1085 1494 1209 1580 generis
1233 1488 1447 1575 phaenomenis

167 1594 359 1679 explicandis
381 1594 498 1660 diutius
519 1618 583 1660 non
604 1598 817 1686 immoramur,
839 1598 913 1665 otim
926 1599 1132 1665 consideratio
1146 1597 1284 1663 littorum
1299 1608 1331 1661 et
1344 1592 1447 1659 fluxis

167 1723 258 1786 aquae
273 1704 313 1763 ed
329 1715 439 1785 sponte
454 1704 540 1786 quasi
555 1703 752 1769 mauuducat.

210 1816 233 1892 t.
252 1819 323 1875 116.
348 1810 500 1887 Quamvis
513 1823 617 1875 autem
630 1825 694 1876 tam
708 1812 841 1877 affluxus
856 1836 946 1900 aquae
960 1834 1001 1879 ex
1016 1815 1145 1879 Oceano
1160 1812 1329 1888 Atlantico,
1353 1806 1447 1897 quim

165 1916 304 1981 refluxus
325 1939 383 2002 per
399 1918 527 1981 Fretum
543 1919 678 1983 Galliam
699 1920 740 1983 ab
762 1922 878 2008 Anglii
900 1921 1057 2000 dirimens,
1079 1922 1198 2009 ingenti
1212 1922 1267 1985 fiat
1282 1920 1445 1994 celeritate,

164 2041 274 2091 tamen
296 2024 368 2089 crim
390 2023 496 2089 versis
519 2027 664 2113 Belgium
685 2027 870 2093 t'oederatum
891 2052 977 2094 mare
990 2051 1065 2093 mox
1080 2029 1277 2093 vehementer
1291 2008 1446 2103 dilatetur,

164 2138 205 2202 ab
220 2138 281 2202 isto
296 2139 417 2201 alterno
431 2140 519 2203 fluxu
534 2161 572 2202 ac
585 2140 707 2203 refluxu
722 2140 853 2205 altitudo
871 2142 965 2205 maris
980 2142 1013 2204 in
1029 2140 1157 2205 Oceano
1174 2140 1363 2205 Germanico
1378 2158 1448 2201 sen·
1475 2217 1477 2223 Ι

164 2247 294 2311 sibiliter
315 2248 428 2311 mutari
449 2249 566 2332 nequit
612 2250 718 2335 Atque
738 2248 820 2313 hanc
844 2249 887 2312 ob
912 2270 1036 2313 causam
1058 2249 1151 2313 statui
1177 2259 1309 2333 oportet,
1332 2247 1365 2311 in
1387 2245 1449 2308 hoc

69 2356 75 2365 “
165 2357 379 2421 mari‘aestum
400 2356 556 2441 proficisci
576 2358 745 2420 maximam
759 2358 935 2442 partem‘ab
949 2356 1067 2421 effluxu
1082 2369 1114 2420 et
1127 2357 1248 2420 refluxu
1264 2376 1353 2441 aquae
1367 2354 1450 2419 circa

166 2466 316 2544 Scotiam,
339 2465 394 2529 ubi
416 2464 654 2529 communicatio
674 2465 767 2551 hujus
788 2466 882 2529 maris
908 2487 980 2530 cum
1006 2464 1135 2531 Oceano
1162 2464 1320 2529 Atlantico
1348 2462 1448 2525 multo

163 2574 264 2656 major
277 2584 376 2656 patet3
390 2594 484 2657 quam
498 2573 681 2635 sententiam
696 2593 889 2659 magnopere
902 2572 1066 2637 confirmat
1082 2572 1191 2658 ingens
1205 2582 1337 2635 aestuum
1352 2580 1449 2633 retar-

168 2678 256 2742 datio
279 2677 320 2741 ad
340 2679 446 2741 littora
469 2676 571 2763 Belgii
591 2689 623 2741 et
645 2678 770 2764 Anglioe
791 2678 953 2742 orientalia
966 2678 1145 2742 observata:
1168 2676 1209 2741 ud
1231 2675 1309 2741 ostia
1331 2674 1449 2738 scilicet

165 2782 325 2848 'l'hamisis
338 2782 489 2868 pertingit
498 2782 603 2847 flrtxus
613 2783 725 2867 elapsis
734 2784 800 2869 jam
811 2783 977 2848 duodecim
990 2783 1075 2847 horis
1090 2795 1162 2868 post
1171 2782 1336 2847 transitum
1347 2781 1449 2845 Lunae

165 2912 223 2975 per
236 2889 457 2966 meridianum,
473 2902 566 2975 atque
581 2889 761 2953 Londinum
772 2912 871 2977 usque
882 2890 980 2955 tribus
991 2889 1055 2955 fere
1065 2889 1150 2953 horis
1164 2886 1283 2953 tardiris
1294 2886 1448 2963 desertum

166 2994 254 3083 quod
275 2995 505 3079 phanomenon
527 2996 695 3061 consistere
714 3016 780 3059 non
799 3008 906 3080 posset
926 2996 951 3059 si
974 3018 1054 3081 aqua
1067 3016 1124 3080 per
1146 2996 1274 3060 Fretum
1291 2994 1449 3059 Gallicum

165 3103 270 3167 solum
285 3116 475 3180 moveretur,
487 3101 559 3167 crim
566 3104 632 3188 jam
642 3102 755 3187 inipso
765 3090 1038 3167 Freto'duodecim
1051 3102 1136 3165 horis
1152 3100 1326 3165 retardetur
1334 3100 1448 3163 fluitur.

134 3211 300 3275 xInterim
324 3224 428 3276 tamen
450 3211 560 3298 negari
582 3232 647 3275 non
669 3223 772 3296 potest
792 3212 868 3297 quin
890 3211 1129 3276 communicatio
1151 3212 1251 3277 Maris
1268 3209 1449 3277 Germanici

165 3342 241 3386 cum
252 3322 384 3387 Oceano
394 3324 553 3388 Atlantico
566 3344 624 3406 per
640 3322 768 3385 Fretum
784 3322 941 3387 Gallicum
956 3335 1065 3387 aestum
1081 3320 1310 3407 quodammodo
1325 3318 1447 3393 afficiat,

166 3441 261 3514 atque
273 3430 396 3494 fluxum
409 3430 464 3515 qui
477 3432 561 3493 circa
576 3428 712 3495 Scotiam
726 3427 890 3492 advehitur
905 3427 953 3491 vel
967 3428 1091 3511 adjuvet
1104 3428 1153 3490 vel
1169 3427 1282 3502 turbet,
1305 3436 1399 3508 prout
1414 3423 1448 3487 hi

165 3536 260 3599 ambo
274 3549 376 3600 motus
391 3537 433 3599 ad
446 3558 532 3600 mare
547 3535 730 3599 elevandum
744 3556 781 3598 ac
796 3532 1034 3617 deprimendum
1048 3533 1098 3597 vel
1110 3533 1209 3619 magis
1225 3532 1356 3613 interae
1371 3550 1445 3595 con-

166 3645 287 3728 spirent
299 3645 349 3708 vel
363 3647 477 3709 minus.
522 3645 622 3710 Simul
636 3658 738 3708 autem
752 3642 826 3707 hinc
840 3642 1022 3730 intelligitur
1032 3656 1144 3707 aestum
1156 3641 1250 3705 maris
1265 3662 1305 3703 ex
1319 3639 1448 3705 Oceano

168 3750 328 3815 Atlantico
348 3774 452 3837 neque
472 3772 543 3815 cum
565 3751 650 3816 Mari
673 3751 908 3817 Mediterraneo
921 3772 1023 3836 neque
1037 3770 1108 3813 cruu
1125 3748 1210 3813 Mari
1229 3746 1349 3811 Baltico
1364 3768 1448 3809 com-

166 3858 318 3923 municari
340 3882 441 3944 posse,
465 3856 537 3924 etim
550 3858 712 3923 intervallo
727 3880 781 3923 sex
796 3857 945 3938 horarum
959 3878 1016 3943 per
1033 3856 1127 3921 Freta
1143 3852 1304 3919 Herculea
1317 3864 1348 3915 ct
1364 3850 1445 3917 Ore-

166 3966 297 4029 sundica
306 3979 428 4031 tautum
436 3967 649 4053 aquoeinhoec
660 3966 760 4029 maria
767 3987 869 4051 neque
879 3964 1005 4029 affluere
1014 3974 1107 4048 queat
1114 3980 1215 4046 neque
1226 3958 1299 4022 inde
1306 3958 1448 4036 refluere,

166 4074 362 4138 utsensibilis
376 4076 507 4138 mutatio
519 4076 554 4138 in
567 4074 732 4139 altitudine
746 4096 836 4160 aquae
844 4074 920 4139 oriri
934 4084 1036 4159 queat.
1067 4068 1280 4147 Quamobrem
1294 4067 1326 4130 in
1342 4066 1445 4129 istius·

166 4180 254 4245 modi
273 4181 411 4244 maribus
425 4202 497 4265 quae
511 4204 531 4244 a
545 4192 632 4245 vasto
645 4202 762 4244 oceano
783 4192 904 4245 tantum
919 4178 1058 4267 augustis
1072 4176 1157 4241 fretis
1171 4186 1364 4261 separantur,
1388 4195 1447 4237 aes-

167 4303 218 4355 tus
235 4291 363 4352 omnino
376 4289 480 4353 nullus
496 4292 676 4380 contingere
696 4302 806 4375 potest,
830 4292 890 4353 nisi
909 4290 988 4355 sorte
1002 4290 1075 4355 talia
1089 4289 1186 4353 maria
1201 4288 1310 4351 Terris
1330 4284 1450 4355 inclusa

167 4396 238 4479 ipsa
251 4409 315 4459 tam
331 4397 393 4459 sint
407 4396 521 4480 ampla,
537 4408 575 4460 ut
589 4398 669 4462 vires
684 4396 766 4461 Solis
780 4418 817 4459 ac
833 4396 935 4460 Lunae
949 4408 1059 4459 aestum
1073 4394 1262 4480 peculiarem
1276 4392 1309 4456 in
1324 4392 1361 4453 iis
1375 4409 1449 4473 pro-

167 4502 284 4567 ducere
298 4514 429 4587 queant;
451 4503 512 4589 qui
527 4503 567 4566 de
581 4526 615 4567 re
630 4526 706 4566 mox
719 4502 903 4567 videbimus.
1259 4506 1262 4513 ⁴

210 4615 236 4691 t.
255 4617 326 4677 117.
350 4609 624 4686 Quemadmodum
645 4623 749 4676 autem
770 4610 904 4675 vidimus
926 4611 958 4673 in
982 4610 1066 4675 Mari
1083 4610 1272 4675 Gemranico
1294 4603 1450 4689 duplicem
