3384 5459
158 377 273 445 Lnurn
284 379 466 461 Tanarus]
512 380 754 447 PRINCIPIA
777 382 1150 451 MATHEMATICA.
1402 398 1442 455 33

156 550 284 613 draturn
297 550 454 643 distantiae
467 550 608 617 locorum
623 574 642 616 a
656 564 764 616 centro
778 552 922 636 planetae
962 553 1005 617 Et
1018 553 1091 617 inde
1105 574 1297 639 consequens
1311 568 1360 619 est
1375 560 1444 640 (per

158 658 257 744 Prop.
274 659 406 723 LXIX.
430 659 502 723 Lib.
519 658 545 723 1.
561 670 593 723 et
606 660 673 743 ejus
689 639 1081 746 Corollarial'graritatem
1095 661 1130 725 in
1143 684 1252 725 omnes
1266 663 1444 746 proportio·

154 768 261 833 nalem
277 790 344 832 esse
358 769 497 831 materiae
511 768 545 831 in
559 769 678 833 iisdem.

202 879 304 943 Porro
327 876 398 941 cirm
419 878 554 962 planetoe
575 878 708 964 cujusvis
732 879 761 941 A
783 890 887 962 partes
904 900 1014 943 omnes
1034 901 1146 966 graves
1161 880 1222 943 sint
1238 880 1272 945 in
1286 880 1443 963 planetam

153 986 295 1071 querens
319 984 357 1061 B,
381 998 412 1047 et
431 986 567 1072 gravitas
587 986 686 1069 partis
709 986 859 1071 cujusque
880 986 921 1049 sit
941 986 983 1049 ad
997 988 1182 1073 gravitatem
1197 987 1302 1062 totius,
1327 1000 1362 1051 ut
1375 1010 1443 1054 ma·

152 1092 235 1155 teria
247 1094 346 1177 partis
360 1091 401 1156 ad
415 1091 579 1156 materiam
594 1094 688 1157 totius
699 1116 715 1173 3⁴
731 1104 763 1157 et
776 1093 892 1157 actioni
906 1095 992 1159 omni
1006 1096 1122 1159 ructio
1138 1099 1207 1179 (per
1220 1094 1326 1160 motus
1340 1096 1443 1183 legem
1510 1124 1515 1133 ·

154 1202 291 1280 tertiam)
309 1200 436 1285 aequalis
452 1202 510 1277 sit3
525 1202 651 1285 planeta
666 1202 695 1265 B
709 1202 743 1265 in
757 1214 862 1287 partes
877 1224 985 1265 omnes
1000 1204 1134 1287 planetae
1145 1205 1178 1268 A
1191 1205 1325 1269 vicissim
1340 1207 1443 1292 gravi·

152 1306 243 1382 tabit,
261 1316 293 1369 et
308 1307 368 1369 erit
381 1307 516 1393 gravitas
533 1329 590 1371 sua
603 1308 636 1369 in
650 1319 771 1392 partem
787 1330 1038 1394 unamquamque
1052 1310 1093 1373 ad
1107 1310 1290 1396 gravitatem
1305 1333 1393 1375 suam
1408 1313 1442 1376 in
1459 1359 1462 1364 ψ

152 1424 267 1492 toturn,
283 1426 318 1477 01
331 1414 461 1477 materia
474 1414 571 1499 partis
587 1414 628 1477 ad
642 1414 803 1478 materiam
818 1416 924 1478 totius.
970 1414 1012 1490 Q.
1028 1439 1056 1479 e.
1071 1415 1103 1478 d.

198 1522 299 1585 Corol.
320 1529 347 1583 l.
372 1520 482 1584 Oritur
503 1520 599 1609 igitur
619 1532 651 1587 et
672 1522 875 1607 componitur
896 1524 1032 1611 gravitas
1050 1524 1085 1587 in
1103 1524 1262 1608 plantatam
1279 1536 1381 1589 totum
1401 1548 1442 1589 ex

151 1628 305 1715 gravitate
327 1628 360 1689 in
382 1639 489 1712 partes
511 1628 657 1715 singulus.
705 1629 802 1712 Cujus
824 1629 871 1692 rei
894 1629 1037 1714 exempla
1057 1630 1208 1695 habemus
1229 1633 1265 1715 (ο)
1281 1632 1315 1693 10
1329 1644 1442 1697 attrac-

153 1736 291 1799 tionibus
305 1736 488 1822 0000εάεο
504 1748 535 1799 et
550 1736 712 1803 electricis.
759 1734 872 1802 Oritur
883 1736 967 1802 enim
975 1738 1119 1802 attractio
1132 1737 1234 1801 omnis
1243 1738 1385 1803 10101010
1401 1760 1442 1802 ex

152 1844 390 1907 attractionibus
405 1842 437 1907 in
451 1856 556 1928 partes
572 1844 719 1931 singulas.
766 1842 805 1927 (⁶)
824 1844 888 1907 Res
902 1844 1092 1931 intelligetur
1104 1845 1138 1910 in
1152 1845 1313 1931 gravitate,
1337 1847 1442 1910 conci·

151 1951 270 2037 piendo
292 1953 430 2036 planetas
449 1952 555 2035 plures
569 1952 706 2015 minores
720 1952 753 2013 in
767 1972 866 2015 unum
879 1952 1011 2038 globum
1026 1952 1112 2016 coire
1127 1963 1158 2015 et
1171 1952 1329 2035 planetam
1343 1954 1441 2037 majo-

152 2083 220 2125 rem
240 2082 438 2145 componere.
483 2060 568 2124 Nam
582 2060 628 2122 vis
643 2060 737 2123 totius
753 2081 797 2122 ex
810 2060 930 2123 viribus
946 2064 1083 2145 partium
1097 2062 1351 2144 componentium
1366 2063 1441 2125 oriri

152 2171 289 2235 debebit.
335 2172 372 2255 (²)
397 2172 432 2236 Si
454 2168 522 2256 quis
543 2170 669 2255 objiciat
691 2168 777 2254 quod
799 2190 933 2253 corpora
954 2171 1069 2249 omnia,
1093 2192 1165 2258 quae
1184 2169 1270 2253 apud
1284 2191 1341 2233 nos
1357 2181 1440 2249 stmt,

625 2332 634 2355 1

186 2375 221 2453 (²)
235 2381 249 2408 ¹
261 2376 779 2437 Inamacnonibasmagastirisetelectricis,
812 2382 878 2435 patet
898 2375 1018 2423 minimam
1040 2391 1134 2440 quoquc
1155 2393 1205 2427 ease
1225 2385 1334 2423 mutuam
1355 2376 1441 2423 borum

151 2442 195 2487 001
211 2440 383 2502 utplurimum
399 2440 447 2501 qud
463 2440 539 2503 majus
554 2450 588 2487 est
602 2442 725 2497 attrahens,
743 2437 780 2497 ed,
813 2452 937 2497 corporum
955 2441 1114 2488 attractionem
1132 2452 1238 2503 respectu
1257 2439 1400 2487 attractionis
1416 2440 1441 2486 10

152 2506 243 2551 caeteris
253 2506 355 2564 paribus,
366 2504 442 2565 major
452 2514 487 2551 sat
496 2504 609 2551 attractio.
814 2500 912 2549 Terram
928 2514 1008 2550 totam
1044 2504 1082 2552 Sic
1095 2508 1186 2566 sphaera
1203 2506 1281 2553 Terrae
1295 2505 1442 2564 homogenes

186 2569 220 2631 (¹¹)
233 2573 246 2599 θ
261 2573 306 2619 Bes
316 2571 453 2629 intelligetur
463 2571 615 2630 bagrnoitate.
651 2568 719 2615 Vires
729 2582 783 2629 quse
814 2564 972 2628 dierumque
989 2568 1054 2627 pedis
1068 2571 1140 2616 unius
1150 2570 1263 2629 descripta
1273 2569 1352 2613 miuus
1366 2568 1442 2615 trahet

151 2643 210 2679 sum
221 2644 249 2679 ut
258 2632 355 2679 materia
363 2632 387 2677 in
396 2634 502 2679 omnium
511 2632 638 2679 formarum
648 2632 782 2693 corporibus
814 2630 980 2689 corpusculum
1003 2630 1073 2693 juxti
1102 2634 1248 2693 mperbciem
1274 2644 1341 2677 suam
1368 2628 1442 2691 quim

151 2696 223 2758 atqui
239 2695 293 2744 ided
310 2712 357 2741 non
373 2705 496 2743 mutantur
510 2711 566 2743 cum
582 2695 670 2750 formis,
688 2694 781 2755 reperiri
816 2692 889 2740 Terra
898 2691 966 2754 iusti
977 2710 1043 2741 auam
1053 2696 1078 2741 in
1090 2698 1179 2744 ratione
1188 2696 1295 2744 diametri
1305 2694 1440 2753 spheraead

151 2761 280 2807 (10000110
296 2760 429 2820 corporibus
446 2760 558 2807 universis
574 2759 719 2823 singulisque
732 2772 783 2805 cor.
816 2755 956 2803 diametrum
979 2758 1058 2806 Terras
1081 2761 1164 2824 (Prop.
1188 2757 1305 2808 LXXII.
1327 2757 1380 2803 Lib.
1402 2756 1438 2819 1.)

151 2840 238 2884 porum
249 2824 360 2883 parthis,
373 2834 397 2871 et
407 2839 456 2871 esse
467 2824 649 2884 proportionales
659 2820 790 2887 quantitati*
815 2820 859 2865 hoc
880 2828 915 2866 est
936 2820 961 2865 in
980 2822 1069 2870 ratione
1088 2830 1098 2871 1
1119 2823 1149 2871 ad
1167 2826 1294 2874 39181566
1311 2819 1359 2866 sive
1380 2826 1389 2867 1
1409 2820 1439 2867 ad

152 2888 264 2944 01010110,
282 2888 337 2935 hinc
347 2887 382 2933 ris
392 2889 493 2949 corporis
504 2888 575 2935 totius
587 2901 615 2934 ex
628 2886 714 2933 viribus
729 2900 781 2946 par·
815 2888 944 2932 40000000
959 2885 1054 2943 circiter,
1071 2902 1125 2949 quta
1139 2888 1231 2936 tantilla
1246 2886 1280 2932 ria
1295 2882 1375 2931 sentiri
1390 2898 1440 2932 non

150 2952 212 2997 tium
234 2952 424 3011 componentium
446 2952 501 2998 oriri
523 2952 620 2999 debebit.
657 2951 681 2998 Si
704 2952 781 3013 itaque
813 2955 896 3007 potest

151 3015 311 3076 concipiemus
327 3016 411 3063 Josem
422 3025 445 3063 et
457 3016 566 3063 satellites
577 3016 627 3078 ejus
638 3014 668 3061 ad
679 3030 703 3061 se
720 3015 779 3060 invi·
848 3012 883 3075 (‘)
896 3016 910 3042 ⁸
925 3015 949 3060 Si
959 3017 1011 3075 qais
1020 3016 1115 3077 officiat,
1126 3017 1169 3064 isc.
1202 3016 1296 3079 Maiora
1305 3010 1376 3059 etiarn
1385 3026 1440 3073 qua

151 3094 204 3127 cem
223 3078 333 3126 accedere
352 3090 380 3126 01
398 3080 496 3143 globum
514 3080 612 3127 unicum
630 3088 779 3139 componant,
813 3072 839 3121 in
858 3073 932 3123 Terris
946 3077 1038 3140 concipi
1051 3091 1150 3140 possunt
1161 3077 1440 3143 oorporahaudnragnoa

149 3154 251 3206 pergent
262 3142 350 3205 singuli
361 3159 410 3191 aeae
420 3141 505 3191 mutud
516 3144 614 3199 uulnere,
627 3152 651 3189 et
663 3140 781 3189 viceversd
836 3186 840 3195 ,

150 3208 172 3256 si
188 3223 273 3267 eorpus
284 3207 350 3255 Joria
361 3207 513 3255 resolveretur
523 3207 548 3253 in
559 3206 641 3270 globos
652 3205 737 3267 plures,
754 3205 780 3251 bi

149 3286 247 3383 ffi:
261 3272 334 3335 globi,
351 3270 477 3319 satellitum
488 3272 567 3326 mater,
578 3286 627 3318 sese
637 3267 722 3318 mutud
734 3278 780 3317 tra·

183 3402 223 3447 67.
246 3398 317 3447 Globi
333 3400 448 3463 cujusque
463 3398 498 3445 vis
508 3397 614 3447 1110010111
624 3406 658 3445 est
669 3406 696 3445 ut
707 3412 780 3459 qusn-

149 3464 205 3511 titas
214 3464 318 3510 materiae
328 3460 354 3509 in
364 3463 445 3511 0011010
457 3464 543 3525 glob03
561 3462 595 3509 via
605 3471 684 3509 autem
695 3461 780 3509 motrix

149 3528 199 3590 qud
213 3527 301 3590 globus
316 3527 476 3590 unusquisque
487 3526 586 3574 trahitur
596 3526 620 3571 in
632 3524 739 3583 alterum,
756 3533 781 3571 et

149 3606 205 3653 quae
219 3590 330 3651 ponderis
346 3591 440 3637 nomine
454 3590 527 3653 rulgd
544 3589 684 3653 designetur,
703 3597 738 3636 est
752 3599 781 3637 ut

149 3666 288 3703 contentum
305 3656 349 3700 sub
364 3654 532 3717 quantitatibus
544 3654 647 3701 materias
661 3652 686 3699 10
704 3651 780 3715 globis

150 3718 246 3765 dnnbtrs
258 3718 401 3779 applicatum
417 3717 448 3765 ad
460 3716 600 3780 quadratum
611 3716 727 3763 distantiis
743 3716 778 3762 in-

149 3792 187 3830 ter
198 3792 277 3831 centra
289 3786 341 3846 (per
353 3782 407 3829 Cor·
420 3788 441 3827 1.
455 3782 525 3841 Ρ100.
540 3780 666 3829 LXXVI.
682 3780 733 3827 Lib
746 3780 767 3827 1.

149 3856 175 3893 et
185 3846 242 3893 huic
252 3846 275 3892 ri
286 3844 463 3906 pmportionalis
473 3856 508 3892 est
518 3844 634 3907 quantitas
644 3842 722 3891 mutila
733 3858 747 3905 q

148 3910 236 3974 globus
252 3919 305 3957 uter
321 3925 350 3956 ue
364 3908 419 3956 dato
430 3920 533 3970 tempore
544 3908 674 3955 movebitur
685 3908 710 3953 in
722 3906 779 3954 alta-

148 3989 205 4021 rum
225 3974 296 4038 (Del.
305 3926 388 4021 (lull.
403 3972 457 4021 Lib
474 3972 508 4034 1.)
526 3972 560 4019 ris
572 3983 650 4019 autem
667 3972 780 4019 accelera·

148 4038 198 4087 tn'a
207 4038 254 4101 quai
264 4037 350 4100 globus
361 4036 519 4099 unusquisque
530 4051 573 4096 pro
580 4035 669 4083 ratione
677 4034 779 4081 materie

147 4118 206 4165 quse
220 4102 345 4149 attrabitur
360 4100 385 4147 in
398 4101 497 4147 alterum
512 4110 547 4147 est
563 4110 590 4147 01
602 4100 718 4161 quantitas
729 4113 779 4145 ma·

147 4166 216 4214 teria
233 4166 258 4212 in
276 4160 349 4229 globi
365 4165 438 4213 altero
455 4163 570 4226 applicata
588 4164 619 4210 ad
639 4163 779 4226 quadratum

112 4289 115 4293 ¹
147 4229 268 4279 dictamina
295 4230 355 4276 inter
381 4238 459 4276 centra
492 4232 544 4293 (per
572 4228 627 4277 Cor.
656 4232 676 4273 2
706 4226 776 4285 Prop.

148 4292 284 4345 LXXVI.
302 4292 356 4339 Lib.
369 4293 400 4353 1.)
417 4302 441 4340 et
454 4292 510 4339 huie
521 4291 543 4339 ri
554 4290 731 4352 proportionalia
745 4299 780 4336 est

148 4358 261 4407 velocitas
271 4358 320 4419 qud
333 4356 417 4418 globus
427 4364 538 4403 attractus
549 4355 603 4403 dato
614 4364 717 4415 tempore
728 4369 780 4399 mo·
1110 4410 1118 4422 .

148 4422 280 4471 rebiturin
291 4420 390 4468 alterum
403 4420 471 4484 (Dei.
487 4420 550 4467 vn.
566 4418 619 4466 Lib.
635 4418 679 4479 1.).
714 4416 780 4463 Η100
814 4412 1056 4475 effectusproducent.
1093 4412 1129 4459 Srt
1146 4411 1210 4459 enim
1228 4412 1294 4462 ΕΜ
1305 4415 1366 4465 NR
1385 4418 1441 4467 Tel.

149 4500 279 4546 corporum
293 4483 419 4531 coelastium
433 4494 511 4531 motus
526 4484 624 4530 interae
638 4494 736 4542 possunt
747 4480 782 4527 la·
814 4480 859 4535 lus,
871 4478 938 4538 cujus
949 4486 1055 4523 centrum
1066 4476 1093 4531 C,
1106 4491 1179 4540 eaque
1190 4487 1289 4537 ponatur
1300 4482 1442 4541 sphericaet

148 4550 197 4599 cilo
207 4547 366 4597 determinari.
402 4548 467 4603 Quia
478 4545 532 4595 rard
543 4556 648 4606 respectu
659 4548 737 4593 Terras
748 4554 782 4591 to-
815 4546 968 4603 nonogenes.
1015 4540 1050 4587 Sit
1071 4556 1155 4601 corpus
1175 4542 1317 4606 ubicumque
1338 4546 1396 4607 putri
1416 4548 1441 4594 10

149 4614 200 4662 titas
219 4612 308 4678 exigua
326 4610 454 4661 admodum
474 4621 530 4660 sunt
548 4624 645 4671 corpora
661 4608 782 4665 1011101111,
817 4606 870 4655 loco
882 4606 912 4660 B,
930 4602 1022 4652 aublato
1032 4606 1098 4652 omni
1113 4602 1287 4668 impedimento,
1297 4609 1330 4657 ad
1341 4611 1444 4658 Telluri.

276 4705 288 4729 Ι

773 4688 824 4738 Ed
