3384 5459
457 432 646 499 FLUXUS
668 438 730 501 AC
753 438 1008 503 REFLUXUS
1030 442 1189 505 MARIS.
1262 482 1266 491 ·
1393 456 1456 513 825

176 607 322 674 senatui
342 608 446 672 Lunae
464 629 523 692 per
542 606 749 674 meridianum
771 619 818 672 est
837 608 1022 673 tribuendus
1044 608 1097 695 qui
1119 609 1230 673 eodem
1251 622 1390 698 tempore
1411 617 1457 703 fit,

178 717 234 782 sed
260 718 459 801 precedenti,
489 718 596 803 prouti
624 716 797 786 successiva
824 718 1042 785 retardationis
1069 718 1262 791 incrementa
1290 723 1332 787 ad
1354 724 1458 791 littora

177 822 292 889 Gallim
313 836 345 887 et
366 823 469 911 Belgii
483 824 621 891 borealia
633 823 862 892 evidentissime
883 836 1048 892 testantur.
1092 824 1200 901 Quare
1215 813 1344 892 si'verbi
1357 832 1458 917 gratid

171 932 382 1019 -Dunkerquoe
392 935 462 1020 quis
471 934 652 1019 hujusmodi
665 934 898 999 observationes
908 934 1099 1018 perlustrare
1109 933 1251 1012 voluerit,
1267 936 1294 999 is
1306 959 1460 1027 quemque

173 1041 297 1105 fluxum
309 1064 376 1105 non
388 1065 461 1106 cum
475 1044 606 1107 transitu
628 1042 730 1107 Lunoe
751 1064 809 1127 per
822 1042 1028 1110 meridiamus
1049 1042 1195 1127 proximo
1211 1058 1380 1129 comparet,
1403 1050 1459 1115 sed

173 1172 248 1225 cum
260 1172 301 1214 eo
317 1152 372 1236 qui
385 1151 614 1235 propemodum
630 1160 671 1215 12
689 1151 776 1225 horis
790 1152 863 1219 ante
878 1154 1030 1241 contigit;
1051 1153 1190 1239 alioquin
1204 1156 1289 1221 enim
1304 1160 1459 1225 contraria

173 1258 383 1342 phaenomena
395 1273 477 1325 esset
485 1260 754 1345 deprehensurus.
955 1318 957 1323 .

217 1372 242 1448 p.
261 1375 331 1431 108.
358 1367 550 1433 Commodus
570 1367 624 1432 hic
644 1369 737 1435 nobis
757 1369 917 1454 praebetur
938 1368 1026 1435 locus
1047 1368 1225 1453 explicandi
1251 1373 1414 1439 transitum
1438 1399 1457 1439 a

174 1473 257 1543 binis
278 1474 426 1557 aestubus,
447 1476 503 1564 qui
523 1476 661 1565 quotidie
674 1477 709 1541 in
722 1477 902 1563 regionibns
917 1489 1006 1551 extra
1020 1475 1152 1541 circulos
1165 1476 1289 1561 polares
1304 1479 1369 1543 sitis
1385 1504 1456 1545 eve-

173 1584 274 1661 niunt,
298 1584 339 1649 ad
359 1585 498 1673 singulos
519 1598 623 1663 estus,
644 1583 701 1670 qui
722 1581 894 1649 secunddm
909 1582 1061 1649 theoriam
1075 1595 1215 1649 nostram
1229 1584 1262 1647 in
1276 1586 1457 1672 regionibus

173 1694 334 1778 polaribus
348 1699 528 1786 contingere
541 1699 666 1763 debent.
711 1696 873 1773 Quoniam
887 1698 970 1765 enim
984 1696 1106 1763 theoria
1119 1709 1227 1763 nostra
1240 1713 1403 1779 monstrat,
1423 1704 1458 1771 in

172 1804 261 1882 aonia
275 1807 453 1889 temperatis
467 1820 499 1872 et
511 1807 630 1872 torridi
644 1807 785 1894 quotidie
799 1806 879 1873 duos
892 1807 997 1871 fluxus
1011 1808 1168 1873 observari
1184 1809 1307 1889 debere,
1323 1812 1357 1875 in
1371 1814 1457 1878 zonis

172 1910 295 1997 frigidis
316 1925 420 1978 autem
440 1937 539 1979 unum
559 1928 691 1992 tantum,
713 1914 857 1979 transitio
878 1914 1040 1981 subitanea
1060 1939 1081 1980 a
1100 1916 1224 1981 binario
1245 1916 1286 1985 ad
1308 1918 1458 1987 unitatem

172 2020 311 2084 maxime
330 2022 480 2087 mirabilis
502 2046 539 2088 ac
558 2024 721 2111 paradoxa
739 2025 841 2089 videri
861 2036 975 2109 posset.
1031 2026 1095 2090 Sed
1115 2028 1197 2112 quia,
1220 2028 1247 2091 si
1267 2030 1370 2093 fluxus
1390 2028 1457 2093 bini

172 2126 341 2191 successivi
361 2127 442 2193 inter
462 2150 497 2194 se
518 2141 592 2196 sunt
611 2128 791 2213 inequales,
813 2130 952 2195 refluxus
974 2152 1064 2215 aquae
1079 2152 1134 2195 seu
1148 2132 1285 2197 maxima
1298 2132 1458 2217 depressio

172 2234 274 2299 fluxui
293 2234 408 2298 minori
428 2248 477 2299 est
497 2236 637 2314 vicinior,
658 2235 724 2301 bini
738 2250 832 2303 aestus
845 2259 970 2323 quoque
985 2240 1149 2303 successivi
1172 2240 1292 2305 ratione
1307 2240 1457 2323 temporis

173 2344 256 2409 mter
269 2366 303 2409 se
317 2358 411 2410 emm
423 2346 601 2431 inaequales,
622 2345 651 2409 si
669 2345 797 2432 quidem
811 2368 886 2411 voce
900 2344 993 2411 matris
1008 2346 1217 2435 intelligamus
1232 2358 1353 2414 motum
1367 2368 1458 2441 aquae

172 2475 196 2517 a
217 2452 340 2517 summi
364 2454 535 2519 elevatione
558 2454 601 2518 ad
621 2456 717 2519 imam
739 2455 972 2539 depressionem
993 2477 1103 2541 usque,
1127 2478 1165 2519 ac
1190 2453 1337 2523 vicissim.
1383 2452 1458 2530 Quo

172 2561 274 2655 magis
288 2563 394 2649 itaque
407 2565 448 2627 ab
461 2576 619 2651 aequatura
628 2562 737 2629 vereris
750 2563 841 2648 polos
856 2563 1028 2642 recedatur,
1042 2563 1081 2627 ed
1095 2564 1194 2648 major
1205 2560 1458 2647 deprehendetur

172 2667 257 2733 iuter
278 2669 368 2734 binos
389 2682 485 2736 aesurs
506 2670 696 2735 successivos
709 2669 912 2755 inequalitas,
930 2668 1001 2735 edm
1016 2670 1135 2734 ratione
1150 2668 1375 2756 magnitudinis
1390 2665 1458 2735 tum

172 2775 333 2863 temporis,
354 2782 458 2865 'major
482 2778 567 2843 enim
590 2775 707 2843 diutids
731 2776 857 2841 durabit
881 2775 975 2863 qudm
999 2776 1110 2854 minor,
1137 2784 1229 2839 ambo
1256 2774 1332 2839 vead
1363 2773 1457 2853 simul

172 2888 292 2972 ubique
304 2888 504 2953 absolventur
516 2898 659 2971 tempore
675 2894 715 2951 12
730 2887 889 2964 horarum,
901 2908 971 2951 cum
987 2888 1048 2951 24'.
1064 2886 1199 2951 circiter:
1216 2884 1302 2971 qudd
1313 2886 1339 2949 si
1353 2886 1457 2971 itaque

171 2996 208 3059 in
221 3018 274 3059 eas
287 2996 432 3083 regiones
445 3018 544 3081 usque
558 2997 767 3079 perveniatur,
785 2996 818 3059 in
833 2995 944 3081 quibus
959 2994 1053 3059 Luna
1068 2994 1199 3080 utrique
1213 2994 1280 3059 viee
1296 2994 1347 3069 vel
1362 3014 1457 3079 super
1499 2983 1501 2994 ’

128 3122 131 3124 ’
171 3084 335 3167 horizonte
356 3101 409 3169 vel
428 3102 486 3167 sub
506 3101 669 3169 horizonte
688 3101 897 3167 meridianum
921 3102 1055 3188 attingit,
1082 3114 1175 3167 estus
1199 3103 1304 3169 minor
1328 3096 1457 3165 omnino

173 3223 345 3291 evanescet,
366 3210 512 3297 solusque
532 3212 633 3297 major
653 3210 815 3295 supererit,
838 3208 893 3296 qui
913 3224 1036 3295 tempus
1059 3216 1098 3273 12
1120 3208 1152 3275 h.
1175 3212 1237 3275 at'.
1260 3208 1455 3295 adimplebit

173 3320 228 3385 Ex
241 3320 354 3406 quibus
367 3320 639 3404 perspicuum'est,
655 3320 682 3383 si
704 3319 798 3383 Luna
812 3318 926 3381 habeat
939 3316 1187 3394 declinationem,
1209 3318 1454 3401 inequalitatem

172 3426 320 3492 binorum
333 3436 466 3494 aestuum
487 3424 732 3495 successivomm
754 3424 795 3488 ad
816 3424 906 3509 polos
921 3423 1098 3487 accedendo
1113 3422 1261 3487 continud
1275 3422 1344 3489 fieri
1358 3424 1455 3507 umjo-

172 3556 252 3611 rem,
280 3544 373 3619 atque
401 3532 530 3597 tandem
556 3532 711 3597 minorem
738 3532 868 3598 omnino
895 3552 1078 3597 evanescere
1106 3532 1230 3611 debere,
1263 3529 1351 3617 quod
1383 3528 1455 3603 crim

173 3640 286 3717 evenit,
302 3639 368 3702 bini
382 3650 476 3703 oesurs
491 3638 526 3701 in
540 3660 640 3703 unum
653 3638 840 3703 coalescmrt.

215 3753 241 3829 §.
265 3756 337 3815 109.
369 3746 542 3832 Explicatis
566 3747 731 3811 anomaliis
753 3746 849 3811 aestirs
873 3746 967 3811 maris
992 3747 1169 3821 menstruis,
1192 3744 1389 3831 pervenimus
1414 3743 1456 3807 ad

172 3854 343 3927 mortalias
358 3876 479 3927 annuas
498 3853 549 3919 vel
571 3854 736 3940 plusquam
750 3875 879 3933 annuas,
895 3875 931 3917 ac
944 3874 1063 3919 nonum
1078 3853 1203 3940 quidem
1224 3854 1455 3939 phaenomenon

172 3962 365 4036 desumimus
386 3984 428 4027 ex
449 3962 620 4029 variatione
641 3962 745 4041 aestuis,
767 3985 838 4049 quae
852 3987 872 4027 a
884 3962 1013 4027 diversis
1035 3964 1138 4027 Lunae
1152 3987 1172 4027 a
1188 3962 1288 4027 Tetri
1303 3962 1454 4029 distantiis

171 4071 393 4157 proficiscitur.
438 4071 654 4143 Observantur
668 4072 753 4137 enim
766 4084 861 4137 astra
874 4071 990 4159 ubique
1003 4074 1134 4156 majores
1149 4072 1260 4137 ceteris
1271 4071 1409 4155 paribus,
1421 4070 1456 4133 in

171 4182 286 4252 ibidem
307 4182 425 4251 seilicet
444 4181 647 4247 luminarium
660 4181 835 4266 aspectibus
849 4180 1020 4267 iisdemque
1034 4180 1298 4259 declinationibus,
1314 4182 1341 4245 si
1364 4180 1456 4245 Luna

172 4291 209 4353 in
237 4312 295 4356 suo
323 4289 462 4377 perigaro
491 4301 640 4367 versetur,
670 4289 808 4353 minores
836 4288 922 4366 verd,
952 4288 1045 4353 Luni
1073 4290 1108 4351 in
1136 4309 1267 4379 apogaeo
1295 4290 1455 4356 existente.

175 4395 314 4487 Egregie
329 4408 435 4469 autem
455 4395 525 4461 baec
540 4397 729 4461 conveniunt
742 4417 816 4460 cum
828 4395 935 4461 nostri
950 4394 1079 4473 theoria,
1102 4394 1163 4481 qud
1178 4396 1456 4464 demonstravimus

176 4503 284 4575 Lunae
304 4504 387 4576 vires
408 4503 449 4567 ad
470 4525 557 4568 mare
577 4503 768 4570 movendum
789 4502 968 4569 decressere
987 4502 1020 4567 in
1040 4502 1194 4587 triplicati
1208 4506 1327 4573 ratione
1342 4507 1457 4569 distan-

175 4609 292 4673 tiarum
315 4610 417 4675 Lunae
439 4633 458 4673 a
480 4609 598 4675 Terris:
622 4610 707 4695 qudd
722 4610 748 4673 si
768 4610 863 4697 igitur
880 4608 973 4673 Luna
986 4620 1124 4673 versetur
1138 4611 1171 4675 in
1184 4614 1332 4701 perigae0,
1353 4612 1457 4678 fluxus

175 4718 340 4783 debebunt
351 4740 418 4783 esse
432 4719 575 4804 majores,
592 4716 686 4803 quarn
697 4718 727 4781 si
740 4716 834 4781 Luna
847 4737 1012 4803 apogaeum
1023 4732 1163 4802 occupat.
1198 4718 1355 4783 Preterea
1364 4718 1457 4781 etiam
