3384 5459
158 417 302 501 Cnr.1.]
535 416 601 484 AD
623 418 847 486 TERTIUM
870 420 1068 487 LIBRUM.
1379 423 1444 488 xvii

156 594 200 659 ad
221 604 339 671 ortum,
362 590 401 657 ut
418 592 593 658 inveniatur
614 614 705 658 arcus
726 594 893 681 aquatoris
908 594 983 659 dato
997 607 1138 680 tempore
1153 595 1245 659 solari
1259 594 1366 660 medio
1386 594 1447 659 sub

152 702 332 769 meridiano
345 704 508 780 nansiens,
524 702 646 767 dicatur
660 715 697 768 ut
710 713 752 769 24
768 704 857 769 horae
872 704 988 770 solares
1002 703 1044 768 ad
1058 705 1167 769 &turn
1188 718 1312 791 tempus
1334 704 1445 782 solare,

153 811 200 879 itti
224 818 306 879 360⁰
331 814 383 879 59¹
407 814 446 879 8''
472 814 542 879 20m
576 812 617 877 ad
639 834 746 884 ancum
768 815 943 900 quoesittun.
992 814 1056 879 His
1076 814 1173 901 igitur
1191 813 1446 899 proportionibus

152 932 282 1005 ternpus
304 920 406 985 solare
427 920 566 985 medium
579 921 630 984 vel
647 932 771 1006 tempus
787 921 1149 986 sidereum-convertitur
1161 922 1196 983 in
1209 919 1326 1008 gradus
1341 943 1447 1007 aequa·

154 1032 235 1096 toris
250 1042 283 1095 et
296 1028 415 1094 contre.
455 1029 558 1095 Facile
574 1042 676 1095 autem
691 1042 777 1116 patet
790 1052 831 1096 ex
845 1032 937 1097 dictis
948 1032 1033 1097 diem
1043 1032 1179 1097 solarem
1191 1032 1331 1097 medium
1341 1054 1447 1119 nqua-

154 1139 221 1204 lem
234 1160 304 1204 esse
319 1146 360 1202 at
375 1136 461 1201 horis
476 1136 605 1202 sidereis
619 1160 691 1201 cum
707 1138 738 1202 δ’
752 1140 810 1205 56”
828 1140 906 1203 ΒΨ.

204 1255 254 1315 17.
280 1246 316 1317 Si
335 1246 519 1311 observetur
540 1244 673 1311 altitudo
693 1246 867 1312 meridiana
882 1246 965 1311 Solis
980 1256 1013 1311 et
1027 1245 1102 1310 dato
1116 1256 1188 1310 ante
1202 1244 1253 1309 vel
1266 1256 1340 1330 post
1352 1244 1447 1309 meri-

155 1356 244 1421 diem
264 1364 406 1438 tempore
429 1354 612 1423 observetur
633 1354 728 1417 etiam
742 1354 875 1419 altitudo
888 1354 1061 1419 meridiana
1075 1353 1173 1419 stelle
1187 1354 1327 1439 alicujus,
1349 1351 1447 1417 aella

154 1462 251 1548 hujus
275 1460 434 1525 dabuntur
456 1460 624 1524 declinatio
646 1472 678 1524 et
703 1460 842 1525 ascensio
868 1473 962 1525 recta.
1007 1460 1093 1525 Nam
1115 1482 1157 1525 ex
1181 1458 1255 1523 dats
1281 1458 1446 1524 altitudine

154 1566 332 1635 meridianis
355 1565 436 1631 Solis
458 1564 550 1629 datur
571 1566 637 1649 ejus
659 1567 800 1629 ascensio
822 1579 910 1630 recta
933 1568 1003 1651 (lt)
1030 1580 1063 1632 et
1086 1580 1229 1651 tempore
1253 1568 1339 1653 quod
1363 1568 1447 1631 inter

155 1678 238 1743 duas
260 1674 492 1741 observationes
513 1672 678 1737 intercedit
699 1672 734 1735 in
758 1694 867 1737 murra
892 1674 1059 1759 aequatoria
1081 1695 1233 1738 converso
1258 1675 1328 1758 (16)
1354 1674 1448 1738 datur

157 1810 251 1853 arem
265 1783 432 1872 oequatoris
447 1781 501 1869 qui
515 1792 657 1866 tempore
670 1782 752 1847 inter
766 1781 844 1845 duas
858 1781 1091 1846 obaemtionea
1105 1782 1213 1866 elapso
1225 1804 1284 1867 per
1301 1782 1448 1847 meridia·

154 1918 238 1962 mun
258 1897 387 1971 transit3
409 1893 461 1957 hic
482 1914 571 1956 arcus
591 1891 726 1957 addatur
738 1890 789 1955 vel
804 1889 997 1955 subducatur
1009 1892 1183 1955 ascensioni
1197 1884 1292 1955 rcc'tae
1309 1891 1400 1968 Solis,
1416 1904 1449 1956 et

157 2027 284 2071 stimma
297 2001 347 2066 vel
361 2000 535 2065 differentia
549 2000 608 2063 erit
622 1998 763 2062 ascemio
778 2010 865 2061 ructa
883 1996 993 2063 stellae.
1037 1997 1217 2067 Declinatio
1230 2011 1337 2063 autem
1350 1999 1449 2063 stellae

157 2139 202 2181 ex
216 2113 285 2200 ipsit
300 2110 461 2177 altitudine
476 2112 541 2196 ejus
556 2107 727 2173 meridiani
743 2108 863 2171 eruitur
878 2110 960 2191 (14).
1006 2106 1104 2183 Quod
1119 2107 1146 2171 si
1160 2120 1303 2172 centrum
1320 2108 1402 2172 Solia
1416 2120 1449 2171 et

157 2234 305 2286 centnrm
330 2219 428 2284 stellae
453 2218 487 2281 in
515 2216 688 2281 meridiano
717 2213 811 2280 simul
838 2215 1046 2299 reperiantur,
1076 2214 1188 2279 eadem
1212 2228 1261 2279 est
1288 2216 1449 2301 utriusque

158 2328 302 2393 ascensio
317 2322 414 2391 recta?
470 2350 474 2359 ’

207 2444 257 2499 18.
281 2432 373 2499 Datis
395 2430 601 2520 declinatione
623 2442 655 2497 et
676 2429 862 2496 ascensione·
880 2427 966 2493 recti
984 2430 1094 2508 stellae
1109 2430 1225 2495 dantur
1237 2430 1334 2517 ipsius
1348 2430 1449 2518 longi-

158 2540 238 2605 tudo
260 2552 293 2605 et
313 2539 455 2607 latitudo.
501 2540 601 2624 Sunto
624 2538 669 2603 [Ε
689 2538 723 2614 Q
746 2548 898 2624 aequator,
921 2534 953 2603 E
968 2536 1164 2625 Lediptioa,
1181 2538 1314 2624 Ppolus
1327 2538 1449 2619 mundi,

159 2649 203 2715 M
216 2648 309 2735 polus
320 2648 480 2734 eclipticae,
499 2650 522 2713 S
537 2648 638 2725 stella,
662 2647 690 2710 P
703 2648 726 2711 S
737 2646 772 2711 D

158 2756 318 2843 quadrans
348 2756 456 2820 circuli
484 2753 709 2834 declinationis,
739 2765 771 2818 et

159 2864 201 2929 M
214 2866 237 2929 S
249 2864 293 2942 K,
304 2862 461 2950 quadrans
471 2864 579 2927 circuli
589 2860 769 2927 latitudinis.

158 2972 358 3050 Queruntur
366 2996 456 3039 arcus
465 2986 497 3033 ‘t‘
508 2975 555 3038 vel
567 2990 600 3027 Δ
611 2972 644 3038 Κ
653 2985 685 3037 et
695 2972 727 3037 K
737 2972 770 3036 S.

157 3190 190 3256 P
206 3190 246 3256 M
261 3214 316 3256 seu
332 3191 479 3255 distantia
492 3190 638 3275 polorum
652 3189 720 3254 Pet
732 3188 772 3253 M

157 3304 222 3363 23⁰
246 3302 308 3376 29¹,
333 3297 426 3363 datur
447 3319 571 3383 quoque
593 3296 674 3365 latus
698 3295 725 3360 P
748 3295 771 3360 S

156 3405 376 3471 declinationis
404 3406 486 3473 SD
509 3404 772 3490 complementum

156 3512 770 3601 etangulusMPSseuAEPD,
826 3530 857 3589 Ε

157 3625 248 3710 cujus
257 3644 407 3688 mensura
417 3634 465 3687 est
475 3644 566 3687 arcus
578 3620 623 3685 AE
634 3621 669 3686 D
680 3622 771 3687 datus

157 3730 202 3795 ob
225 3728 315 3795 datos
337 3752 395 3815 per
416 3729 631 3793 ascensionem
653 3740 771 3793 rectam
807 3774 811 3781 -

158 3858 268 3902 arcum
283 3848 314 3896 ‘u
340 3834 374 3902 D
389 3837 438 3901 vel
452 3851 485 3891 ὑ
505 3836 540 3901 Ι)
562 3847 595 3901 et
615 3835 771 3922 quadran·

158 3957 223 4009 tem
254 3946 299 4011 AE
335 3957 378 4009 ψ.
445 3943 553 4022 Quare
591 3950 662 4030 (per
698 3946 770 4033 trig.

158 4052 291 4140 spbaer.)
315 4053 473 4117 invenitur
494 4052 575 4118 latus
599 4052 639 4119 M
662 4056 686 4119 S
707 4054 882 4121 latitudinis
900 4058 923 4123 S
945 4058 977 4122 K
996 4060 1258 4147 complementum
1272 4071 1305 4124 et
1318 4059 1451 4147 ungarius

158 4162 212 4239 M,
235 4164 323 4249 cujus
346 4185 493 4227 mensura
514 4176 562 4228 est
583 4186 674 4229 arcus
697 4162 730 4228 K
754 4164 801 4243 L;
826 4188 868 4229 ex
890 4166 997 4231 circuli
1018 4168 1190 4253 quadrante
1204 4178 1236 4226 ‘t'
1259 4168 1356 4232 Lvel
1372 4168 1451 4231 ΔΒ

157 4270 353 4335 subducatur
370 4270 402 4334 K
418 4271 458 4348 L,
479 4282 511 4335 et
532 4270 705 4335 debiturn
725 4270 757 4335 Κ
776 4271 942 4359 longitudo
957 4274 1055 4338 stellae
1071 4274 1103 4338 S.
1150 4274 1239 4338 Hinc
1254 4275 1346 4338 etiam
1362 4271 1452 4339 facile
1518 4264 1524 4277 ⁸

156 4388 248 4463 patet
262 4376 421 4463 quomodo
437 4376 518 4441 datis
533 4378 732 4465 longitudine
750 4390 781 4437 ‘t‘
802 4379 834 4443 K
853 4392 884 4443 et
898 4379 1063 4445 latitudine
1078 4380 1111 4444 K
1128 4381 1263 4447 Sstelloe
1279 4383 1302 4446 S
1321 4382 1452 4447 inveniri

156 4488 263 4572 possit
277 4489 375 4572 ipsius
391 4490 532 4553 ascensio
547 4502 633 4553 recta
647 4504 679 4553 et
693 4488 872 4554 declinatio.
917 4488 1001 4553 Nam
1017 4490 1092 4555 dato
1106 4502 1138 4549 ‘t‘
1157 4490 1190 4554 K
1203 4492 1297 4555 datur
1313 4490 1344 4554 K
1361 4490 1401 4568 L,
1421 4503 1454 4556 et

158 4593 239 4660 inde
261 4594 354 4659 datur
377 4596 509 4682 nngrrlus
533 4597 556 4663 S
580 4594 620 4663 M
643 4595 681 4675 P,
704 4608 737 4661 et
758 4594 833 4661 dato
848 4597 872 4662 S
888 4596 932 4675 K,
947 4596 1039 4662 datur
1055 4599 1079 4663 S
1095 4598 1144 4677 M,
1161 4597 1244 4663 unde
1259 4596 1331 4663 cum
1346 4598 1453 4663 datram

206 4701 269 4753 Vot-
282 4702 337 4752 111.
787 4712 811 4761 Β
