3384 5459
266 404 357 469 xxxir
742 402 1079 471 INTRODUCTIO
1370 404 1470 485 [Car.
1485 404 1552 469 111.

264 573 287 637 h
309 573 350 651 L,
374 572 553 639 distantiam
574 586 776 659 apparentem
797 575 879 639 inter
899 574 1065 659 parallelos
1087 574 1225 639 siderum
1245 574 1383 640 duorum
1407 596 1480 660 quae
1504 587 1554 639 est

265 678 439 745 differentia
465 680 679 745 declinationis
704 680 852 758 siderum,
879 680 1098 745 obtinebimus.
1145 680 1209 745 Sed
1230 681 1258 743 si
1276 680 1452 745 differentia
1472 696 1554 747 tem·

265 787 352 872 poris
372 788 455 851 inter
474 788 638 874 utriusque
661 786 772 851 sideris
793 786 960 851 transitum
977 808 1035 871 per
1055 786 1145 849 filum
1166 786 1372 851 transversale
1385 787 1419 851 in
1432 790 1553 853 minutal

265 902 331 957 tam
351 893 452 979 prima
475 892 569 980 quiam
590 892 727 977 secundia
748 892 866 981 gradis
890 901 1090 959 convertatur
1116 893 1186 979 (16)
1211 892 1420 959 differentiam
1443 918 1553 961 ascen·

265 1001 416 1067 sionalem
430 1002 569 1067 siderum
584 1002 778 1067 habebimus.

308 1118 361 1173 40.
388 1108 473 1175 Haec
497 1109 673 1173 observatio
698 1109 849 1194 supponit
869 1108 993 1174 nullum
1016 1130 1084 1173 esse
1110 1108 1219 1175 sideris
1242 1120 1364 1175 motum
1387 1112 1552 1197 proprium

265 1214 447 1302 nullamque
465 1216 661 1301 parallaxim.
708 1217 744 1281 si
764 1214 851 1281 sidus
872 1229 994 1303 motum
1007 1218 1172 1301 proprium
1184 1218 1309 1297 babeat,
1324 1219 1413 1283 illum
1427 1236 1553 1307 oportet

265 1342 308 1387 ex
328 1322 596 1387 observationibus
611 1322 818 1387 determinare
833 1322 939 1409 quoad
952 1322 1192 1389 declinationem
1206 1338 1239 1390 et
1252 1327 1466 1393 ascensionem
1484 1352 1554 1394 reo-

265 1442 331 1495 tam
350 1428 496 1517 illiusque
515 1432 668 1495 rationem
683 1430 808 1496 habere.
865 1431 941 1507 Quo
955 1447 1095 1517 peracto,
1110 1435 1138 1498 si
1150 1434 1256 1522 aliqua
1269 1436 1311 1501 sit
1324 1437 1434 1503 sideris
1448 1441 1554 1523 paral-

264 1538 345 1605 laxis
365 1540 482 1624 poterit
502 1538 547 1604 itt
567 1540 708 1626 reperiri.
753 1541 947 1607 Observetar
962 1541 1072 1605 sideris
1085 1542 1347 1609 admeridianum
1368 1547 1555 1631 appellentis

266 1649 406 1715 ascensio
428 1662 514 1715 recta
536 1672 607 1737 quae
627 1649 779 1735 parallaxi
802 1650 941 1715 obnoxia
961 1672 1027 1714 non
1050 1664 1098 1715 est
1123 1653 1203 1736 (83),
1227 1666 1259 1718 et
1279 1652 1453 1719 differentia
1471 1656 1555 1721 inter

265 1756 350 1821 hanc
371 1757 584 1821 ascensionem
605 1770 722 1822 rectam
744 1757 855 1822 sideris
873 1758 908 1821 in
932 1757 1106 1823 meridiano
1120 1761 1281 1827 existemb
1295 1774 1328 1827 et
1340 1764 1555 1829 ascensionem

265 1878 384 1931 rectam
404 1868 544 1953 ejusdem
563 1868 674 1941 sideris
694 1868 766 1933 alibi
790 1868 952 1933 existentis
966 1868 1173 1947 observatam,
1189 1871 1250 1935 erit
1262 1872 1432 1956 parallaxis
1446 1896 1555 1938 ascen·

267 1976 363 2041 sionis
378 1991 473 2043 rectae
488 2002 528 2043 ex
542 1978 604 2066 qula
614 1978 782 2063 parallaxis
797 1976 969 2041 altitudinis
983 1977 1116 2043 inveniri
1128 1980 1253 2064 poterit.
1302 1980 1351 2045 sit
1362 1980 1448 2045 enim
1473 1982 1512 2047 H
1523 1983 1556 2047 R

265 2086 406 2167 hernon,
431 2089 468 2152 n
484 2088 511 2153 z
527 2090 558 2154 n
571 2070 772 2165 marannis,
796 2086 952 2165 zanio,
978 2086 1007 2152 P

266 2196 359 2281 polus
380 2196 500 2275 mundi,
524 2197 550 2262 Z
566 2199 591 2263 S
606 2196 635 2261 E
650 2198 681 2261 V
696 2196 829 2262 circulus
843 2196 1008 2274 verticalis,

270 2306 294 2371 S
309 2305 395 2371 sidus
409 2307 607 2373 observatum
621 2306 654 2369 in
669 2305 741 2369 loco
756 2305 779 2371 S
794 2315 827 2371 et
840 2302 956 2368 deinde
976 2304 1011 2367 iu

267 2414 451 2495 meridiano,
475 2416 504 2481 Ε
524 2416 612 2481 locus
634 2413 745 2479 sideris
763 2412 858 2491 visus,
881 2412 1012 2479 Slocus

267 2542 370 2599 verus,
392 2534 424 2587 et
443 2522 515 2590 ideb
536 2524 559 2589 S
580 2522 610 2589 E
628 2521 797 2609 parallaxis
819 2519 1011 2597 altitudinis3

270 2629 476 2695 saetas
499 2629 853 2696 menuaecmauns.
896 2629 1011 2708 maur,
1055 2602 1087 2661 Η
1345 2666 1379 2717 v
1512 2631 1547 2688 a

165 2736 169 2747 '
268 2742 342 2823 (per
354 2738 460 2827 Hyp.)
477 2741 610 2829 angulus
626 2742 650 2807 S
666 2741 695 2806 P
710 2740 750 2819 E,
765 2740 854 2825 cujus
868 2760 1014 2803 mensura

268 2856 317 2911 est
336 2846 505 2929 parallaxis
519 2847 708 2911 ascensionis
723 2858 817 2911 rectae
832 2845 943 2911 sideris
956 2846 1133 2909 observata.
1176 2843 1282 2910 Datur
1296 2845 1391 2909 etiam
1406 2856 1560 2931 punctum
1679 2871 1680 2926 3

270 2952 351 3017 illud
372 2953 459 3040 quod
479 2968 526 3019 est
546 2955 725 3019 intersectio
745 2954 912 3041 aequatoris
934 2965 966 3020 et
983 2952 1150 3017 meridiani
1168 2963 1310 3037 tempore
1331 2954 1560 3019 observationis
1679 2967 1680 3036 J

270 3059 380 3125 sideris
402 3060 436 3125 in
455 3061 495 3139 Ε,
511 3056 699 3146 apparentis,
716 3061 801 3126 unde
816 3061 950 3129 habetur
963 3082 1055 3125 arcus
1069 3060 1237 3147 aquatoris
1251 3061 1336 3125 inter
1348 3061 1561 3127 meridianum

271 3168 303 3235 R
320 3171 346 3235 Z
362 3170 400 3236 H
414 3184 446 3238 et
458 3172 611 3237 circadam
625 3171 840 3237 declinationis
864 3172 891 3236 P
907 3172 937 3237 E
951 3171 1142 3256 interceptus
1156 3171 1212 3256 qni
1226 3180 1274 3233 est
1287 3188 1438 3235 mensura
1451 3169 1562 3257 engadi

271 3276 298 3341 Z
321 3277 348 3341 P
371 3276 410 3343 Ε.
455 3277 564 3356 Quare
585 3280 619 3343 in
640 3278 799 3366 triangulo
821 3279 847 3342 Z
871 3276 900 3342 P
921 3274 1446 3358 E„danturlaa1sdeisuutia
1459 3275 1562 3359 polia

270 3383 397 3461 vertice,
420 3396 452 3449 et
472 3384 554 3450 latus
574 3385 601 3450 Z
622 3384 652 3451 Ε
671 3384 817 3449 asanaa
835 3384 903 3448 visa
922 3383 1032 3448 sideris
1047 3406 1067 3446 a
1080 3381 1196 3446 vertice
1211 3401 1283 3445 cum
1299 3378 1416 3465 angulo
1430 3380 1458 3444 Z
1474 3380 1503 3444 P
1518 3380 1559 3445 E.

269 3488 450 3557 Innotescet
474 3492 569 3579 igitur
594 3494 728 3580 angulus
754 3492 826 3557 ΡΖ
847 3491 887 3570 Ε,
903 3492 944 3555 ab
967 3491 1084 3580 angulo
1106 3489 1133 3553 Z
1150 3488 1232 3566 ΡΕ,
1254 3487 1446 3554 subducatur
1465 3488 1560 3555 danis
1677 3563 1678 3570 ¹

270 3600 294 3663 S
309 3598 338 3665 P
352 3599 391 3677 Ε,
408 3612 440 3665 et
453 3600 579 3665 dabitur
593 3601 726 3688 angulus
741 3601 768 3666 Z
784 3600 811 3664 P
828 3602 862 3666 S.
900 3600 1049 3687 Denique
1062 3599 1097 3663 in
1110 3598 1267 3687 triangulo
1283 3598 1310 3663 Z
1325 3598 1353 3663 P
1370 3599 1405 3676 S,
1421 3620 1462 3663 ex
1476 3598 1561 3663 datis

269 3704 390 3792 angulis
412 3706 440 3771 P
456 3705 482 3770 Z
499 3707 522 3771 S
541 3718 573 3770 et
595 3705 622 3770 Z
638 3707 667 3771 P
683 3708 716 3784 S,
733 3727 805 3770 cum
818 3706 916 3770 latere
932 3707 960 3771 Z
976 3704 1013 3783 P,
1029 3704 1156 3769 dabitur
1169 3703 1250 3767 latus
1268 3702 1294 3768 Z
1311 3704 1346 3781 S,
1361 3724 1435 3769 vera
1449 3703 1560 3767 sideris

270 3812 419 3877 avertice
440 3812 588 3877 distantia
611 3834 684 3899 quae
705 3832 747 3878 ex
767 3811 833 3877 visti
858 3812 939 3889 ZE,
965 3811 1070 3877 ablata
1089 3811 1243 3897 relinquet
1271 3808 1348 3875 SE
1371 3809 1559 3895 parallaxim

270 3917 450 3983 altitudinis.

313 4032 365 4087 41.
388 4025 609 4113 Telescopium
630 4026 767 4091 maculas
789 4027 1032 4113 quamplurimas
1053 4026 1216 4091 variabiles
1236 4048 1307 4113 quae
1327 4045 1421 4110 super
1442 4046 1558 4110 corpus

271 4130 353 4196 Solis
374 4130 519 4199 incedere
541 4135 687 4219 videntur
708 4134 855 4211 ostendit,
879 4156 921 4199 ex
942 4156 1050 4199 earum
1062 4148 1151 4197 motu
1167 4133 1274 4197 Solem
1293 4129 1377 4195 circai
1391 4132 1558 4215 proprium

269 4261 363 4303 axem
382 4244 444 4323 2ῡῇ
467 4241 578 4307 diebus
593 4244 712 4309 revolvi
726 4242 868 4309 infertur.
900 4244 940 4307 ln
954 4244 1078 4307 Venere
1091 4265 1152 4327 pro
1166 4240 1252 4306 varia
1268 4242 1333 4327 ejus
1347 4241 1389 4306 ad
1405 4240 1511 4304 Solem
1526 4254 1560 4305 et

270 4346 405 4413 Terram
433 4349 587 4434 positione
615 4350 729 4436 phases
759 4350 892 4415 diversae
929 4352 1162 4437 conspiciuntur
1197 4331 1347 4436 pbasibns
1377 4348 1559 4413 Lunaribus

183 4516 186 4523 .
270 4454 385 4519 similes
410 4453 454 4519 iat
476 4468 513 4521 ut
534 4469 656 4541 partem
677 4458 883 4523 illuminatam
910 4459 979 4524 Soli
1000 4470 1177 4523 constanter
1198 4457 1350 4521 obvertat.
1397 4454 1562 4519 Praeterea

272 4560 454 4633 Mercurius
480 4577 512 4630 et
537 4565 645 4633 Venus
670 4579 821 4655 tanquam
839 4567 972 4634 maculae
997 4568 1098 4655 nigrae
1119 4578 1152 4632 et
1167 4566 1311 4632 rotundae
1331 4564 1453 4629 dacum
1472 4564 1561 4630 Solis
