3384 5459
230 438 298 497 826'
477 425 744 502 INQUISlTlO
767 424 972 489 PHYSICA
995 424 1044 490 lN
1069 424 1265 491 CAUSAM
1298 519 1304 532 .

228 602 335 669 tabula
356 620 450 685 quam
472 596 568 662 celeb.
594 594 717 661 Cossini
737 592 772 659 in
794 592 895 661 Mem.
913 602 1006 663 1713.
1028 616 1088 681 pro
1109 594 1237 659 diversis
1260 592 1396 658 Lunre'a
1411 594 1513 659 Terra

229 706 382 773 distantiis
398 726 437 768 ex
452 702 594 788 plurimis
610 702 877 767 observationibus
895 701 1026 767 Brestiae
1045 700 1192 765 institutis
1207 700 1341 787 collegit,
1365 700 1437 764 satis
1460 724 1514 765 ac·

228 811 334 880 curate
349 833 420 875 cum
435 808 556 874 theoriis
572 808 678 873 nostra
693 810 861 893 conspirat,
875 803 1005 873 'etiamsi
1025 810 1109 872 enim
1122 830 1181 893 pro
1197 809 1290 874 Luna
1303 809 1440 895 perigaea
1454 810 1514 871 mi-

228 945 338 989 norem
353 922 557 985 elevationem
571 941 661 1005 aquae
675 918 800 996 tribuat,
817 916 911 1003 quim
926 918 985 981 ista
997 918 1076 981 ratio
1090 919 1271 1005 requireret,
1286 929 1392 981 tamen
1403 916 1514 982 discri-

179 1088 189 1095 .
228 1053 301 1096 men
322 1030 413 1094 valde
426 1039 474 1093 est
488 1028 653 1115 exiguum:
680 1026 756 1113 quin
777 1026 872 1089 etiam
890 1024 980 1089 facile
1002 1026 1189 1090 concedetur
1204 1025 1329 1089 Lunam
1342 1025 1514 1112 perigaeam

226 1151 329 1202 totum
349 1158 441 1201 suum
461 1134 606 1207 effectum
626 1155 692 1199 non
712 1145 777 1197 tam
791 1130 854 1196 citd
869 1132 1017 1219 consequi
1030 1154 1130 1217 posse,
1153 1154 1244 1219 quem
1261 1144 1511 1218 consequeretur,

226 1247 254 1310 ai
267 1245 362 1310 Luna
373 1242 528 1329 perpetuo
542 1245 576 1307 in
589 1244 729 1330 perigaeo
747 1254 933 1306 versaretur.
979 1242 1080 1306 Aliter
1094 1254 1198 1315 autem
1213 1242 1306 1307 Luna
1321 1265 1451 1329 apogaea
1466 1256 1515 1308 est

227 1368 416 1439 comparata,
433 1376 504 1439 quae
518 1352 559 1417 ad
574 1351 813 1417 diminuendirm
827 1365 940 1416 aestum
954 1352 1048 1417 maris
1063 1352 1172 1431 tendit,
1188 1348 1258 1415 crim
1275 1352 1359 1415 enim
1374 1374 1461 1416 mare
1470 1352 1514 1416 ob

226 1467 371 1532 irrcuiam
392 1476 425 1529 et
445 1463 668 1549 impedimenta
685 1465 790 1548 ipsum
803 1462 844 1526 ad
859 1462 1099 1533 diminutionem
1113 1460 1205 1529 astus
1221 1464 1261 1526 sit
1275 1462 1423 1547 proclive,
1446 1458 1515 1527 sine

227 1574 291 1638 ulli
313 1574 488 1639 resistentib
511 1572 604 1637 Luna
624 1573 658 1635 in
679 1593 810 1659 apogaeo
829 1572 996 1635 constituta
1010 1571 1153 1635 effectum
1169 1594 1259 1635 suum
1274 1584 1389 1654 exeret.
1435 1571 1514 1635 Huc

227 1683 321 1745 etiam
335 1681 479 1765 pertinet,
496 1680 581 1765 quod
595 1679 711 1763 pariter
725 1679 822 1743 celeb.
839 1678 961 1741 Cossini
976 1702 1009 1742 se
1023 1680 1202 1745 observasse
1217 1693 1356 1757 testatur,
1380 1680 1514 1745 similem

228 1788 435 1854 differentiam
450 1789 509 1852 etsi
522 1784 625 1851 multd
639 1787 792 1850 minorem
805 1809 826 1849 a
838 1786 931 1850 variis
948 1784 1029 1850 Solis
1044 1808 1064 1847 a
1078 1785 1178 1849 Tetri
1194 1788 1346 1851 distantiis
1368 1788 1511 1871 produci,

227 1897 263 1960 id
277 1896 362 1982 quod
378 1906 495 1959 nostrae
509 1892 639 1957 theoriae
653 1914 718 1956 non
733 1893 835 1957 solum
851 1904 898 1957 est
912 1884 1164 1968 consentaneum,
1181 1892 1236 1956 sed
1250 1890 1323 1957 inde
1338 1893 1433 1957 etiarn
1445 1895 1514 1979 ipsa

231 2005 386 2091 quantitas
400 2003 495 2088 hujus
509 2001 692 2070 differentiae
706 2012 809 2085 potest
823 2001 957 2066 definiri.
1537 2076 1542 2085 .

262 2118 296 2194 l·
323 2120 398 2177 110.
430 2109 578 2195 Denique
599 2109 756 2173 decimum
780 2109 1012 2195 phaenomenon
1036 2134 1103 2176 sese
1125 2111 1216 2177 nobis
1238 2112 1513 2197 contemplandum

228 2221 329 2297 offert,
354 2240 416 2305 quo
437 2216 533 2304 vulgo
554 2218 647 2281 statui
667 2219 747 2282 solet
767 2228 862 2283 estus
884 2232 947 2283 tam
960 2220 1193 2285 noviluniorum
1207 2219 1304 2307 quam
1325 2222 1545 2305 plenilunio-.

228 2349 310 2405 rum,
333 2325 388 2412 qui
410 2324 594 2411 contingunt
615 2325 698 2387 circa
718 2326 914 2409 aequinoctia,
938 2327 1058 2389 caeteris
1073 2348 1140 2390 esse
1154 2328 1300 2411 majores,
1319 2328 1441 2391 etiamsi
1458 2330 1516 2393 ob·
1554 2368 1559 2381 ·

230 2436 421 2500 servationes
436 2434 518 2497 hanc
531 2431 672 2519 regulam
685 2454 751 2495 non
770 2430 895 2517 penitis
910 2433 1114 2510 confirment3
1137 2436 1340 2520 quamobrem
1354 2435 1516 2499 videamus

230 2540 389 2630 quomodo
403 2551 497 2604 aestus
508 2538 628 2602 crateris
641 2538 769 2621 paribus
779 2552 976 2623 comparatus
988 2562 1054 2603 esse
1065 2540 1179 2605 debeat
1192 2563 1252 2625 pro
1266 2542 1397 2607 diversis
1412 2542 1517 2607 Lunoe

231 2650 500 2715 declinationibus.
545 2650 594 2712 Ac
608 2644 712 2731 primi>
726 2648 852 2733 quidem
867 2670 907 2711 ex
921 2648 1026 2711 nostrai
1042 2648 1163 2713 theoria
1186 2654 1223 2733 (l.
1241 2651 1306 2731 87.)
1329 2664 1423 2715 aestus
1439 2651 1518 2713 dum

231 2762 325 2827 Luna
345 2762 379 2823 in
400 2771 559 2844 aequatore
580 2770 730 2836 versatur,
752 2760 906 2825 maximos
928 2782 995 2825 esse
1017 2780 1090 2823 non·
1102 2782 1205 2845 posse,
1228 2762 1289 2826 nisi
1309 2762 1342 2826 in
1362 2762 1439 2827 locis
1457 2764 1518 2827 sub

229 2871 300 2953 ipso
314 2877 473 2952 aequatore
487 2864 572 2929 sitis:
597 2876 690 2951 atque
705 2865 817 2930 eodem
838 2867 909 2933 loco
924 2866 1070 2931 tabellam
1084 2866 1263 2951 adjecimus,
1288 2892 1329 2932 ex
1343 2868 1405 2955 quir
1419 2883 1516 2954 patet,

229 2981 354 3043 cuinam
370 2982 471 3044 Lunae
485 2979 684 3043 declinationi
698 2981 826 3043 maximi
840 2992 933 3044 aestus
947 2978 1164 3064 respondeant.
1211 2979 1261 3043 Ita
1273 3001 1334 3065 pro
1345 2961 1517 3045 elevatione

229 3088 296 3171 poli
328 3088 392 3152 50⁰.
417 3103 511 3153 aestus
537 3089 665 3152 maximi
689 3090 831 3154 incidunt
854 3090 956 3155 Lunae
979 3087 1178 3152 declinationi
1207 3096 1271 3156 27⁰.
1298 3089 1325 3153 si
1348 3088 1519 3177 quidemg

230 3205 368 3277 ponatur
388 3224 423 3249 =
443 3195 498 3275 ἧς
521 3207 553 3257 at
568 3196 670 3278 posito
684 3219 708 3281 g
725 3228 760 3252 =
772 3198 823 3277 ἧς,
842 3198 928 3281 quod
940 3194 1131 3281 probabilius
1146 3194 1278 3274 videtur,
1293 3197 1401 3280 prodit
1415 3198 1517 3262 Lunae

230 3299 398 3365 declinatio
412 3300 584 3363 maximum
598 3311 708 3365 aestum
721 3303 898 3386 producens
914 3303 1037 3367 circiter
1055 3306 1116 3366 16⁶.
1139 3302 1172 3366 id
1196 3303 1281 3389 quod
1295 3302 1428 3366 mirifice
1442 3326 1517 3367 con·

196 3465 198 3468 .
230 3411 317 3474 venit
345 3432 417 3474 cum
445 3410 713 3475 observationibus
742 3412 784 3475 ad
809 3412 914 3475 littora
940 3410 1055 3477 Galliae
1081 3410 1333 3495 septentrionalia
1357 3412 1514 3489 institutis

231 3516 343 3601 quibus
366 3529 488 3581 constat
506 3519 659 3581 maximos
681 3520 875 3606 syzygiamm
896 3530 989 3582 aestus
1010 3514 1168 3582 mensibus
1191 3516 1364 3601 Novembri
1378 3532 1410 3583 et
1436 3520 1516 3583 Feb-

130 3658 133 3661 ·
232 3630 338 3691 roario
359 3627 501 3692 accidere
523 3629 633 3706 solere,
657 3630 769 3715 quibus
789 3630 979 3715 temporibus
1002 3628 1095 3695 Luna
1109 3627 1173 3693 ferd
1188 3630 1377 3717 assignatam
1401 3633 1522 3699 obtinet

231 3733 480 3797 declinationem.
524 3707 569 3798 dt
591 3736 677 3821 quod
698 3735 778 3801 forte’
798 3737 845 3800 illi
867 3736 994 3823 regulae,
1018 3736 1079 3822 quai
1103 3736 1204 3800 Lunae
1226 3739 1259 3801 in
1274 3718 1435 3825 oequatore
1449 3760 1517 3803 ver-

232 3844 313 3905 santi
333 3842 463 3905 maximi
484 3854 579 3905 aestus
601 3842 736 3906 adscribi
756 3844 844 3922 solet,
868 3866 975 3907 ansam
996 3834 1167 3928 praebuisse
1187 3845 1318 3924 videtur,
1343 3859 1392 3910 est
1405 3846 1515 3913 modus

232 3965 367 4016 aestuum
387 3952 574 4038 quantitates
594 3952 765 4019 definiendi
785 3952 949 4038 peculiaris
972 3976 1009 4017 ac
1034 3952 1106 4016 satis
1131 3976 1313 4038 perversus3
1334 3953 1408 4021 crim
1433 3960 1517 4019 enim

232 4058 396 4134 crederent
409 4059 551 4146 plerique
566 4060 779 4124 observatores
793 4062 893 4125 causis
908 4060 1015 4124 alienis
1029 4059 1227 4125 tribuendam
1241 4084 1309 4127 esse
1323 4064 1519 4150 inaequalita-

230 4178 305 4244 tem,
329 4192 399 4254 quoe
420 4171 502 4233 inter
522 4170 613 4234 binos
635 4182 729 4233 aestus
744 4171 933 4235 successivos
948 4169 1129 4247 intercedat,
1145 4194 1252 4236 veram
1266 4194 1356 4257 aquae
1372 4172 1519 4237 elevatio·

231 4296 305 4338 nem
328 4276 501 4341 accuratirls
523 4277 654 4342 definire
675 4292 748 4343 sunt
768 4279 921 4357 arbitrari,
946 4280 973 4343 si
994 4292 1152 4344 smnerent
1172 4280 1311 4344 medium
1333 4283 1414 4346 inter
1428 4282 1519 4346 binos

232 4380 337 4444 fluxus
358 4385 556 4448 successivos.
603 4384 701 4461 Quid
722 4386 749 4449 si
769 4398 872 4451 autem
887 4386 947 4450 hoc
962 4386 1057 4450 modo
1072 4389 1186 4473 quique
1201 4401 1295 4453 aestus
1314 4391 1517 4467 aestimentur,

234 4504 302 4554 tum
317 4490 425 4575 utique
438 4494 567 4558 maximi
588 4507 682 4559 aestus
704 4494 737 4557 in
752 4496 938 4581 aequinoctia
951 4494 1089 4559 incidere
1104 4496 1361 4579 observabuntur,
1385 4500 1418 4563 id
1434 4498 1518 4586 quod

235 4600 329 4662 etiam
352 4611 469 4663 nostrae
482 4601 624 4666 'theoriae
648 4604 784 4669 maxime
809 4616 857 4668 est
879 4604 1049 4683 conforme,
1077 4609 1214 4691 exceptis
1238 4618 1360 4673 tantum
1385 4608 1520 4697 regioni·

234 4709 294 4773 bus
316 4710 397 4794 polis
420 4709 629 4778 vicinioribus.
677 4713 757 4779 cam
783 4714 870 4779 enim
893 4716 1003 4800 positis
1029 4716 1100 4781 sinu
1124 4716 1304 4784 elevationis
1328 4719 1398 4805 poli
1419 4754 1454 4779 =
1479 4717 1519 4799 P,
