3384 5459
240 445 283 505 at
375 494 382 517 ,
545 435 886 503 PHILOSOPHIAE
906 430 1179 503 NATURALIS
1210 434 1283 519 [Du
1295 434 1418 505 Murro.
1430 436 1525 503 Srsr.

521 716 805 785 raorosrno
827 718 868 782 v.
912 692 1184 788 Turonum
1206 722 1247 785 r.

240 968 390 1031 Planctus
411 966 641 1051 cirurmjouiales
658 968 818 1049 gravitare
837 970 871 1031 in
885 969 999 1046 Juxta,
1021 972 1281 1037 rirmmratrtmios
1302 976 1337 1037 iu
1350 974 1526 1057 Suram

285 1083 314 1137 et
327 1075 546 1137 circumrotarrs
566 1075 599 1135 in
624 1072 730 1150 Solem,
750 1084 780 1137 et
801 1076 832 1138 oi
853 1077 1020 1159 gravitatis
1033 1098 1095 1143 strae
1108 1080 1227 1143 retrahi
1240 1099 1353 1162 sempo
1365 1103 1387 1143 a
1400 1084 1528 1148 motibrrs

282 1186 454 1262 rectilineis
471 1196 500 1249 et
515 1188 549 1248 in
560 1182 680 1251 orbibus
693 1186 866 1267 curuilineir
878 1190 1015 1252 retineri.

284 1433 368 1497 Nam
387 1431 594 1500 revolutiones
612 1430 810 1517 planetarum
823 1430 1101 1517 circumjovialium
1115 1432 1197 1495 cirea
1212 1432 1333 1509 Jovem,
1355 1433 1526 1497 circumsa-

237 1540 413 1606 turniorum
427 1542 509 1606 circa
523 1541 702 1620 Saturnum,
719 1553 751 1606 et
763 1540 916 1607 Mercurii
927 1564 964 1605 ac
975 1542 1107 1605 Veneris
1125 1540 1376 1627 reliquorumque
1392 1544 1526 1606 circum·

237 1648 384 1712 solarium
402 1648 484 1711 circa
501 1646 616 1725 Solem,
641 1660 712 1713 sunt
726 1647 934 1733 phaenomena
947 1648 1088 1732 ejusdem
1102 1649 1226 1735 generis
1241 1670 1315 1713 curn
1328 1649 1525 1714 revolutione

237 1754 339 1819 Lunae
363 1755 445 1819 circa
470 1755 622 1831 Terram,
662 1768 694 1820 et
717 1768 883 1841 propterea
914 1759 993 1841 (per.
1027 1754 1107 1842 aeg.
1133 1755 1198 1835 11.)
1220 1778 1240 1819 a
1264 1756 1364 1819 causis
1385 1757 1526 1841 ejusdem

235 1859 359 1945 generis
381 1859 577 1945 dependent:
600 1861 774 1947 praesertim
797 1859 869 1929 cun
890 1858 1138 1925 demonstratum
1152 1860 1193 1923 sit
1206 1858 1292 1946 quod
1305 1861 1396 1938 vires,
1420 1884 1440 1923 a
1452 1862 1525 1947 qui-

236 1967 295 2031 bus
310 1967 518 2033 revolutiones
533 1969 595 2033 illae
609 1968 796 2053 dependant,
813 1968 983 2055 respiciant
996 1980 1103 2033 centra
1117 1970 1214 2046 Jovis,
1233 1970 1359 2034 Saturni
1373 1992 1411 2033 ac
1426 1970 1522 2049 Solis,

235 2085 266 2137 et
280 2073 454 2137 recedendo
476 2097 495 2137 a
515 2074 604 2151 Jove,
631 2075 767 2140 Saturno
781 2087 812 2139 et
828 2076 912 2153 Sole,
928 2075 1111 2140 decrescant
1123 2074 1234 2141 eidem
1248 2078 1370 2142 rau'one
1384 2090 1427 2141 ac¹
1437 2076 1519 2165 lege,

234 2180 295 2265 qui
312 2182 358 2245 vis
375 2183 534 2269 gravitatis
550 2183 699 2249 decrescit
713 2186 745 2247 in
760 2206 883 2249 recessu
898 2207 918 2248 a
931 2184 1043 2249 Tetri.

285 2288 385 2352 Corui.
405 2296 432 2352 1.
466 2292 504 2372 (ο)
521 2290 667 2355 Gravitas
681 2291 777 2378 igitur
791 2290 887 2355 datur
899 2292 934 2354 in
947 2290 1089 2377 planetas
1102 2291 1273 2356 universos.
1319 2292 1404 2355 Nam
1419 2293 1527 2358 Vene-

234 2416 311 2471 rem,
338 2394 543 2475 Mercurium,
567 2410 758 2484 caeterosque
780 2420 847 2463 esse
869 2418 1003 2482 corpora
1017 2398 1156 2483 ejusdem
1170 2400 1295 2487 generis
1310 2422 1385 2465 cum
1400 2400 1479 2467 Jove
1493 2412 1528 2469 et

236 2502 382 2581 Saturno,
408 2526 502 2567 nemo
526 2504 657 2570 dubitat
702 2506 746 2569 Et
767 2502 840 2570 crim
863 2506 1006 2571 attractio
1027 2506 1129 2572 omnis
1146 2530 1205 2593 per
1218 2510 1324 2575 monis
1343 2510 1446 2600 legem
1459 2527 1526 2576 ter-

234 2612 310 2675 tium
324 2624 433 2676 mutua
446 2614 495 2691 sit,
512 2614 635 2698 Jupiter
654 2614 688 2677 iu
705 2614 853 2679 satellites
866 2636 939 2679 suos
953 2636 1072 2693 omnes,
1092 2618 1243 2682 Saturnus
1260 2619 1293 2680 in
1309 2641 1393 2696 suos,
1406 2618 1525 2685 Terra-

235 2742 296 2805 que
310 2720 344 2783 in
358 2720 493 2800 Lunam,
511 2734 542 2786 et
558 2721 613 2786 Sol
627 2722 660 2785 in
674 2721 815 2807 planetas
831 2743 939 2786 omnes
953 2722 1119 2807 primarios
1133 2724 1308 2810 gravitabit

280 2830 378 2895 Corui.
395 2840 425 2896 2.
470 2832 510 2917 (Ρ)
534 2831 741 2910 Gravitatem,
765 2854 838 2918 quae
855 2831 1014 2917 planetam
1028 2854 1282 2918 unumquemque
1297 2834 1432 2919 respicit,
1455 2854 1525 2897 asse

150 3014 162 3031 Ι
235 2935 392 3017 reciproci
409 2950 444 3001 ut
460 2938 646 3021 quadratum
663 2938 816 3003 distentu
832 2938 975 3003 locorum
994 2938 1034 3002 ab
1048 2938 1145 3022 ipsius
1160 2952 1278 3003 centro.

281 3044 381 3107 corat
399 3054 428 3109 3.
461 3046 582 3111 Graves
605 3058 678 3111 sunt
699 3046 834 3131 planetae
856 3069 964 3112 omnes
982 3049 1017 3111 in
1031 3070 1065 3111 se
1079 3046 1188 3112 mutub
1202 3070 1260 3133 per
1276 3050 1383 3113 Corol.
1401 3060 1430 3114 1.
1445 3060 1477 3114 et
1490 3058 1522 3112 2.

236 3148 275 3231 (l)
293 3148 336 3213 Et
360 3150 435 3217 binc
460 3153 585 3237 Jupiter
610 3166 642 3219 et
669 3156 821 3220 Saturnus
843 3177 944 3241 prope
964 3156 1217 3241 conjunctionem
1232 3180 1265 3221 se
1279 3158 1413 3233 invicem
1427 3170 1524 3221 attra-

235 3256 349 3335 hendo,
381 3261 571 3327 sensibiliter
607 3263 793 3347 perturbant
825 3278 930 3328 motus
965 3276 1100 3340 mutuos,
1140 3262 1195 3328 Sol
1230 3264 1392 3348 perturbat
1418 3276 1523 3326 motus

235 3363 368 3443 lunares,
411 3369 466 3433 Sol
495 3382 526 3434 et
556 3368 648 3435 Luna
676 3370 864 3455 perturbant
893 3391 979 3434 mare
1007 3380 1159 3448 nostrum,
1191 3382 1228 3435 ut
1255 3370 1290 3433 in
1321 3368 1523 3456 sequentibus

236 3472 452 3557 explicabitur.

267 3681 302 3746 (ο)
320 3687 359 3731 66.
376 3685 390 3713 ⁰
413 3683 520 3731 Gravitas
540 3686 611 3748 iptio
628 3688 699 3735 dotas
715 3688 742 3733 in
757 3688 864 3744 uorum
895 3684 998 3733 neuim
1013 3683 1060 3732 rllir
1077 3698 1106 3733 ec
1125 3684 1204 3733 Luna
1220 3690 1244 3730 at
1262 3680 1461 3735 &amnia
1479 3688 1523 3730 aut

235 3748 367 3803 unbersosff
387 3751 400 3777 ⁶
423 3744 501 3794 Datur
519 3748 619 3811 gravitas
637 3749 663 3795 in
681 3749 779 3795 Tenem
796 3757 820 3794 et
835 3746 865 3795 ei
896 3746 1185 3811 cimumjorialibuaunde
1235 3745 1298 3793 uitur
1309 3744 1523 3809 gmriutemetiam

236 3809 347 3919 pravitate
365 3810 436 3857 Luna
451 3810 513 3859 cirta
526 3826 579 3860 eam
597 3812 721 3859 revolvitur
734 3826 776 3873 per
793 3811 862 3871 Prop.
896 3811 947 3859 thri
959 3812 984 3858 in
999 3811 1051 3859 illos
1065 3812 1176 3873 planetu
1235 3819 1299 3856 orrea
1310 3820 1404 3871 propter
1412 3817 1523 3856 mutum

254 3872 298 3931 V.;
322 3874 391 3921 datur
413 3874 513 3937 gravius
535 3876 560 3921 in
581 3876 667 3924 Jovem
685 3886 708 3922 et
727 3877 864 3932 Saturnum,
896 3875 1063 3929 attractionem,
1085 3876 1182 3923 Terram
1199 3889 1248 3922 erre
1263 3886 1358 3937 grum
1376 3873 1402 3919 in
1416 3873 1521 3930 Lunam,

237 3950 292 3981 uam
311 3938 467 3985 revolutiones
488 3940 634 3999 planetarum
656 3936 866 4001 circumjoriallum
895 3940 939 3986 &c
956 3940 1076 3986 consubit-

236 3998 298 4045 circa
311 3999 403 4057 Jovem,
413 4010 443 4077 ¹at
453 4002 699 4053 drormturoioruru
709 4003 771 4051 circe
781 4002 863 4075 Satur·
928 4002 965 4067 (Ρ)
980 4008 993 4034 ’
1012 4004 1084 4057 corat.
1100 4008 1123 4052 2
1158 4000 1230 4051 Petet
1246 4002 1288 4066 (ex
1301 4000 1362 4063 Reg-
1377 4003 1398 4048 1.
1411 4008 1436 4049 et
1447 3997 1520 4063 Prop.

237 4073 387 4175 llfflll·
396 4066 503 4185 iffi
513 4066 865 4207 ffiffifflfffflfi
898 4064 964 4193 l'lt)
977 4132 990 4160 ·
1002 4132 1037 4181 ru
1047 4132 1102 4178 tac
1110 4130 1209 4191 upra.
1244 4126 1307 4175 nac
1318 4136 1403 4175 mna·
1417 4126 1523 4188 prmo*

237 4204 267 4237 er
284 4192 397 4251 pruritus
411 4207 493 4239 eorum
511 4194 637 4243 satellitum
650 4208 675 4241 ru
691 4208 731 4241 eos
745 4192 864 4253 planetas3
896 4208 950 4241 rum
965 4193 1113 4254 permutantia.
1130 4201 1158 4239 ut
1167 4191 1224 4254 poti
1234 4206 1290 4238 euru
1301 4192 1450 4254 sequentibus
1462 4190 1522 4238 Pro-

237 4254 344 4316 quumvis
360 4263 439 4302 tutem
455 4270 502 4302 uon
517 4258 564 4305 sint
574 4269 616 4308 aut
633 4272 680 4305 uon
691 4257 803 4304 naemu
818 4254 866 4303 siut
896 4256 1050 4319 positionibus
1068 4256 1200 4319 conjuncta,
1220 4255 1330 4315 deinceps
1346 4254 1522 4303 murenirnu'ur

237 4315 348 4366 nullia
357 4318 418 4367 circa
431 4320 540 4378 Morem,
551 4322 667 4370 Venerem
675 4330 699 4369 et
709 4320 863 4377 Mercurium,
896 4320 1056 4382 explicabitur,
1066 4324 1079 4349 0
1088 4318 1418 4379 sufficientioprnoeutierum
1427 4332 1480 4379 quar
1490 4316 1522 4364 da

236 4390 340 4429 museo
361 4382 424 4440 Jori,
449 4384 556 4441 Sammo,
578 4386 658 4434 Terre
676 4386 701 4433 iu
722 4385 811 4433 caruis
831 4384 865 4433 ita
896 4384 924 4432 ei
939 4383 1046 4445 superius
1059 4383 1150 4431 dictum
1163 4393 1204 4437 est,
1220 4382 1435 4448 oeoedmequietb
1448 4380 1522 4443 ophe-

236 4454 293 4491 eunt
308 4446 396 4495 similes
411 4456 440 4495 ut
452 4446 573 4495 dubitandi
585 4449 865 4511 loeusuoorrliuquatur
895 4446 1290 4508 liuramvitleuottro'ull’rop·
1304 4446 1343 4496 11.

236 4508 300 4573 quod
310 4511 330 4559 si
341 4508 452 4559 satellites
458 4512 527 4575 juxta
538 4512 600 4575 ipsos
609 4514 783 4569 minorentur.
799 4513 864 4561 item
