3384 5459
396 382 586 450 FLUXUS
610 384 672 449 AC
697 382 951 451 REFLUXUS
975 384 1132 451 MARIS.
1340 395 1401 453 889
1483 456 1489 465 x

122 552 226 630 etiam,
241 564 279 617 at
292 576 373 643 aqua
385 552 448 619 alio
462 555 496 618 in
508 554 582 620 loco
594 567 717 621 tanturn
731 555 878 632 elevetur,
893 556 989 643 inque
998 556 1061 619 alio
1070 568 1188 620 tantum
1200 555 1401 642 deprimatur,

125 670 277 744 quantum
299 662 398 737 fieret,
421 661 448 723 si
468 661 526 725 iste
546 672 662 724 tractus
683 661 811 724 omnino
831 682 898 725 non
912 676 993 726 esset
1006 663 1196 727 terminatus.
1241 662 1326 727 Atat
1345 663 1403 727 iste

122 777 241 829 tractus
263 778 328 829 tam
349 765 442 830 firerit
462 787 577 851 parvus
590 779 627 830 ut
640 766 770 853 singulm
790 781 896 851 partes
909 768 1081 853 aequalibus
1095 767 1160 832 sere
1174 768 1290 832 viribus
1311 768 1405 833 simul

121 873 174 957 vel
198 875 378 956 attollantur
402 876 453 939 vel
476 874 700 959 deprimantur,
724 874 811 939 nulla
838 876 992 939 sensibilis
1018 876 1148 939 mutatio
1176 876 1252 939 oriri
1279 877 1403 961 poterit.

121 980 217 1065 Aqua
238 981 320 1043 enim
342 1003 406 1045 uno
427 982 460 1043 in
481 980 552 1064 loco
573 980 672 1045 attolli
692 982 801 1067 nequit
820 982 881 1045 nisi
901 982 935 1045 in
956 982 1017 1047 elio
1038 981 1178 1047 subsidat
1189 994 1223 1047 et
1237 980 1355 1059 contri,
1377 982 1405 1047 si

121 1084 248 1171 quidem
273 1086 383 1149 eedem
407 1106 496 1172 aquae
520 1086 611 1171 copia
634 1087 668 1149 in
692 1107 730 1149 eo
752 1099 854 1149 tractu
873 1084 1025 1171 perpetub
1045 1100 1254 1151 conservetur.
1298 1090 1405 1175 Atque

121 1190 192 1254 boec
207 1204 255 1255 est
267 1192 348 1254 ratio
363 1190 444 1254 utin
460 1190 547 1255 Mari
563 1190 694 1268 Baltieo,
712 1190 838 1274 Caspio,
856 1191 967 1278 Nigro,
991 1192 1119 1277 aliisque
1133 1190 1304 1255 minoribus
1318 1192 1404 1257 lacu·

119 1297 182 1361 bus
196 1296 300 1361 nullus
315 1298 443 1361 omuino
457 1309 551 1361 oestus
565 1296 825 1381 deprehendatur.

163 1410 277 1487 §.119.
302 1404 399 1480 Qubd
419 1406 447 1468 si
468 1418 572 1469 autem
592 1404 767 1470 istiusmodi
787 1406 882 1469 maris
897 1418 1014 1470 tractus
1029 1418 1150 1470 tantum
1164 1406 1298 1489 spatium
1312 1428 1404 1470 oceu-

118 1525 185 1598 pet,
196 1526 236 1575 ut
246 1513 330 1575 vires
345 1510 518 1577 attollentes
534 1524 566 1575 et
579 1511 788 1596 deprimentes
804 1513 838 1573 in
854 1512 1099 1575 extremitatibus
1114 1512 1302 1576 sensibiliter
1316 1509 1406 1577 diffe-

119 1630 203 1695 rant,
226 1630 294 1681 tum
314 1640 441 1683 necesse
463 1630 510 1683 est
530 1630 651 1681 utnon
673 1619 773 1681 solum
793 1640 877 1703 aqua
889 1618 930 1713 ¹in
944 1618 1043 1682 altero
1057 1632 1199 1683 extremo
1214 1620 1351 1685 elevetur
1372 1622 1407 1685 in

120 1726 281 1811 alteroque
297 1726 499 1810 deprimatur,
516 1722 571 1791 sed
586 1727 680 1791 etiam
694 1742 731 1791 ut
744 1726 919 1791 differentia
933 1728 1014 1791 inter
1028 1750 1117 1814 aquae
1132 1729 1310 1793 altitudines
1321 1743 1407 1794 tanta

119 1834 169 1909 sit,
186 1844 302 1918 quanta
316 1833 350 1895 in
364 1844 473 1917 aperto
487 1850 605 1897 oceano
619 1833 721 1897 eidem
735 1834 848 1897 virium
860 1832 1043 1897 differentiae
1055 1834 1232 1919 respondet.
1264 1836 1406 1911 Quamo-

118 1942 210 2006 brem
232 1942 356 2005 definiri
381 1943 554 2019 conveniet,
577 1956 694 2028 quanta
714 1943 747 2005 in
768 1940 897 2005 diversis
917 1942 1027 2007 Terrae
1049 1942 1124 2005 locis
1140 1942 1251 2007 eodem
1265 1956 1406 2029 tempore

119 2050 154 2111 in
168 2048 382 2111 altitudinibus
396 2070 486 2133 aquae
500 2070 520 2111 a
533 2048 650 2111 viribus
661 2048 763 2112 Lunae
777 2070 815 2111 ac
831 2047 912 2113 Solis
934 2047 1065 2132 produci
1081 2061 1183 2135 queat.
1229 2050 1279 2113 Ne
1301 2063 1406 2115 autern

120 2153 258 2219 calculus
279 2154 410 2217 nimium
431 2154 487 2217 liat
508 2154 659 2238 prolixus,
683 2153 782 2217 solam
803 2153 904 2217 Lunae
918 2154 981 2215 vim
1000 2154 1033 2215 in
1048 2168 1232 2239 computum
1245 2154 1404 2233 ducemus,

121 2264 237 2351 quippe
252 2285 324 2349 qno
338 2264 403 2327 vim
419 2263 500 2327 Solis
514 2262 646 2327 multum
660 2262 803 2338 excedit;
828 2276 861 2326 et
875 2263 1023 2347 quoniam
1037 2260 1149 2325 effectu
1165 2262 1268 2327 Lunae
1283 2266 1407 2351 cognito

121 2372 212 2437 facile
226 2384 274 2437 est
290 2372 372 2437 Solia
386 2372 530 2435 effectum
543 2372 727 2437 aestimando
741 2372 792 2437 rel
806 2372 940 2456 adjicere
954 2372 1003 2436 vel
1018 2371 1149 2435 auferre.
1192 2373 1408 2467 Repraesentet

119 2474 203 2569 ergd
215 2482 243 2547 P
255 2482 284 2546 L
297 2482 343 2566 pl
357 2482 553 2566 superficiem
567 2482 679 2547 Terrae
693 2484 780 2567 quus
793 2481 860 2565 poli

121 2594 185 2657 sint
208 2592 282 2657 Pet
303 2614 335 2677 p,
362 2604 455 2678 atque
479 2590 517 2655 M
533 2602 564 2654 et
583 2591 616 2654 N
637 2590 698 2653 sint
712 2591 776 2654 duo
798 2604 859 2655 ter-

120 2701 198 2763 mini
223 2700 256 2763 in
282 2699 393 2765 eodem
418 2700 511 2763 maris
537 2712 637 2763 tractu
659 2700 796 2775 assumti,
825 2700 860 2761 in

121 2810 237 2897 quibus
267 2822 419 2895 quantum
453 2807 548 2872 mans
582 2806 714 2871 altitudo
749 2809 860 2893 quovis
919 2860 950 2903 1.
1041 2853 1059 2858 -‹

120 2932 263 3003 ternpore
278 2916 412 2994 differat,
434 2918 475 2981 sit
491 2916 748 3003 investigandam.
795 2917 860 2980 Re-

123 3038 297 3113 praesentet
317 3049 414 3112 porro
440 3026 499 3091 Ll
522 3024 714 3109 parallelum,
740 3025 772 3087 in
798 3045 864 3109 quo

123 3131 218 3195 Luna
230 3143 393 3195 moveatur
405 3130 468 3193 hoc
480 3140 630 3213 tempore,
654 3128 755 3213 sitque
769 3128 862 3193 Luna

123 3239 157 3301 in
183 3238 233 3313 L;
265 3249 359 3322 abque
383 3236 537 3320 exprimet
561 3234 695 3323 angulus
722 3232 753 3297 L
775 3232 864 3301 PM

123 3358 256 3427 tempus,
283 3343 368 3429 qnod
392 3356 465 3425 post
488 3341 590 3405 Lunoe
615 3340 781 3404 transitum
804 3362 862 3423 per

124 3448 329 3515 meridianum
344 3449 467 3516 termini
483 3447 523 3513 M
542 3460 591 3513 est
608 3448 858 3532 praeterlapsurn,

122 3558 256 3645 angulus
278 3556 354 3620 verb
377 3556 406 3620 L
422 3556 450 3620 P
465 3555 499 3619 N
519 3568 641 3639 tempus
661 3568 734 3641 post
752 3556 864 3619 mansi·

122 3680 190 3731 tum
213 3666 315 3730 Lente
334 3688 393 3750 per
412 3666 618 3729 meridianum
638 3664 765 3729 alterim
785 3665 911 3729 termini
934 3664 976 3729 N.
1020 3664 1137 3732 Ductia
1164 3680 1268 3731 antem
1285 3662 1410 3729 circulis

124 3774 267 3839 marianis
283 3772 311 3837 P
326 3772 366 3839 M
381 3788 413 3837 et
430 3772 515 3863 PN,
531 3773 592 3837 erit
603 3790 694 3836 arcus
711 3772 739 3837 P
757 3772 798 3837 M
812 3772 1075 3857 complementum
1088 3773 1259 3839 latitudinis
1274 3772 1337 3836 loci
1358 3768 1409 3846 M,

123 3902 217 3945 arcus
231 3880 259 3945 P
273 3879 307 3943 N
320 3879 396 3945 verb
416 3880 479 3945 loci
503 3879 543 3955 N,
566 3879 699 3965 angulus
714 3878 788 3943 verb
804 3877 844 3945 M
861 3880 888 3943 P
904 3878 937 3943 N
951 3878 1039 3943 dabit
1053 3876 1409 3970 differentiam'longitu-

123 3982 206 4051 dinis
218 3986 361 4051 locorum
376 3985 415 4049 M
430 4002 462 4049 et
477 3984 528 4061 N3
550 4006 621 4070 quae
635 3984 768 4069 proinde
782 3970 887 4049 omriia
901 3972 1062 4069 ponuntur
1075 3985 1211 4073 cognita.

167 4100 282 4176 §.ltu
304 4095 471 4159 Ducentur
487 4096 553 4180 jam
576 4115 617 4157 ex
637 4092 709 4156 loeo
730 4094 832 4157 Luna
854 4093 884 4159 L
906 4093 947 4156 ad
969 4094 1118 4157 terminos
1142 4092 1182 4157 M
1202 4105 1237 4155 et
1258 4090 1290 4153 N
1304 4090 1411 4153 circuli

124 4202 255 4265 maximi
270 4202 300 4266 L
317 4202 356 4267 M
371 4216 403 4266 et
418 4202 447 4266 L
459 4202 502 4278 N,
518 4200 773 4287 exhibebuntque
788 4202 838 4264 isti
856 4222 945 4264 arcus
961 4200 1188 4283 complementa
1202 4194 1409 4273 altitudinum,

125 4310 237 4395 quibus
253 4310 314 4373 hoc
328 4322 471 4394 tempore
487 4309 580 4374 Luna
593 4311 626 4372 in
639 4309 716 4373 locis
733 4308 772 4372 M
787 4324 819 4373 et
834 4308 867 4372 N
884 4332 979 4394 supra
994 4308 1188 4373 horizontem
1204 4307 1322 4371 elevate
1336 4328 1412 4371 con-
1495 4302 1509 4333 ⁹

125 4418 264 4503 spicitnr.
311 4416 451 4481 Ponatur
473 4419 564 4481 arces
587 4416 660 4481 PL
682 4417 768 4481 sinus
796 4442 828 4476 =
855 4440 885 4503 q,
909 4418 1031 4481 cosinus
1060 4441 1091 4475 =
1120 4415 1163 4492 Q,
1190 4416 1250 4479 erit
1270 4415 1304 4491 Q
1326 4416 1411 4479 sinna

125 4526 341 4590 declinationis
361 4524 495 4589 borealis
519 4526 681 4603 Lunae‚'si
702 4525 829 4613 quidem
850 4526 883 4601 Q
904 4526 1017 4591 habeat
1032 4525 1168 4589 valorem
1185 4526 1410 4599 affirmativum,

125 4656 164 4699 ac
188 4632 215 4697 P
235 4634 343 4717 polum
366 4634 524 4697 borealem
545 4634 682 4699 denotet.
725 4634 854 4701 Deinde
868 4646 1004 4719 ponatur
1019 4634 1108 4700 ureris
1125 4634 1152 4701 P
1168 4632 1208 4701 M
1224 4636 1307 4697 sinus
1328 4654 1358 4689 =
1378 4652 1411 4715 p,

162 4741 223 4790 vor.
238 4738 292 4787 111.
624 4735 649 4800 g
757 4742 806 4787 a·
