3384 5459
100 418 104 423 ’
233 402 296 461 252
483 389 978 471 INQU181T10PHYSICA
1002 390 1052 455 IN
1077 390 1270 457 CAUSAM

229 565 431 653 mitigabitur.
478 564 671 651 Hujosmodi
692 578 797 631 sutem
817 565 866 629 ris
888 564 1051 632 existentia
1072 564 1141 631 eliis
1163 563 1346 641 rationibus,
1369 562 1458 631 utilio
1473 562 1518 631 sd

228 686 341 739 aestum
353 673 448 741 maris
462 670 570 741 habito
584 688 738 761 respectu,
754 675 827 739 setis
842 673 927 741 clare
942 675 1044 740 evinci
1063 685 1188 759 potest;
1209 674 1283 761 quis
1296 674 1381 739 enim
1394 673 1518 741 nullum

228 793 276 843 est
296 778 436 859 dubium,
460 781 536 865 quin
558 781 652 847 Luns
673 782 714 845 cd
737 780 872 847 Terram
894 794 1072 849 constanter
1093 782 1220 861 feretur,
1244 782 1286 847 ob
1307 782 1518 869 equalitatem

229 891 360 959 actionis
381 903 413 957 et
434 891 598 956 reactionis
621 890 755 957 Terram
780 870 1037 977 quoqueversus
1061 892 1187 957 Lunam
1211 893 1286 977 pelli
1307 914 1436 959 necesse
1460 904 1517 957 est.

230 998 375 1083 Namque
389 997 416 1061 si
429 1019 582 1083 ponamus
599 998 673 1063 Sole
687 998 812 1082 penitus
826 998 960 1077 sublato,
969 999 1085 1065 «Terre
1099 1020 1136 1065 cc
1148 998 1251 1065 Lunae
1261 1020 1386 1065 omnem
1397 1011 1518 1065 motum

229 1103 333 1173 subitis
354 1104 460 1181 adiuti,
484 1104 578 1173 Luna
592 1104 700 1190 utique
715 1104 757 1171 ed
780 1102 915 1171 Terram
930 1105 1057 1171 accedet
1066 1129 1076 1181 ;
1098 1126 1193 1171 nemo
1208 1118 1313 1171 autem
1327 1128 1392 1171 nou
1406 1128 1519 1171 conce·

228 1213 291 1289 det,
314 1210 414 1297 probe
434 1212 597 1296 perpensis
617 1211 779 1296 principiis
801 1211 999 1289 mechanicis,
1023 1210 1158 1279 Terram
1178 1212 1297 1279 interni
1310 1234 1375 1279 non
1389 1211 1539 1297 prorsum

130 1342 133 1344 ’
229 1346 298 1389 esse
319 1325 506 1411 quieturam,
528 1324 585 1389 sed
606 1324 709 1387 Lunae
730 1325 855 1389 obviem
879 1324 1003 1401 iturum,
1029 1345 1278 1410 concursumque
1301 1325 1336 1389 in
1360 1324 1520 1389 communi

229 1431 392 1519 gravitatis
413 1443 523 1497 centro
543 1432 746 1518 contingere:
768 1431 831 1495 hoc
851 1440 957 1495 sutem
972 1429 1097 1495 evenire
1112 1452 1176 1495 nou
1197 1430 1323 1515 poterit,
1342 1430 1403 1495 nisi
1418 1430 1521 1495 Tem

228 1553 300 1605 actu
320 1539 361 1605 ad
384 1539 510 1607 Lunam
529 1539 723 1605 sollicitem.
768 1538 896 1604 Deinde
915 1539 949 1603 in
964 1536 1030 1623 ipsi
1046 1537 1139 1603 Luni
1153 1539 1337 1626 gravitatem
1352 1538 1421 1603 dari
1435 1539 1519 1603 simi·

229 1649 293 1713 lem
306 1648 392 1727 huic,
407 1670 502 1735 quam
515 1649 550 1714 in
565 1648 667 1713 Terris
682 1648 844 1725 sentimus,
867 1648 976 1735 negari
994 1669 1060 1711 non
1073 1660 1193 1732 potest3
1215 1648 1275 1713 nisi
1290 1649 1374 1713 enim
1388 1649 1459 1715 talis
1473 1648 1520 1715 vis

227 1756 263 1821 in
277 1754 371 1821 Luni
385 1755 516 1843 vigeret,
530 1767 635 1840 partes
649 1754 754 1823 Lunse
766 1752 884 1831 fluidae,
900 1753 973 1821 ctim
989 1754 1031 1819 ob
1045 1754 1230 1842 gravitatem
1243 1756 1277 1819 in
1293 1756 1437 1833 Terrarn,
1452 1754 1521 1821 uim

228 1863 270 1929 ob
283 1875 406 1929 motum
422 1862 526 1929 Lunae
546 1862 631 1929 circa
651 1862 816 1947 proprium
829 1884 933 1939 atreus,
948 1862 1005 1927 etsi
1020 1862 1062 1927 sit
1074 1861 1246 1927 admodsim
1259 1863 1374 1941 lentus,
1395 1878 1429 1927 et
1441 1877 1520 1929 tem·

232 1973 305 2056 pori
324 1972 486 2057 periodico
506 1972 646 2059 sequalis,
665 1975 733 2057 jam
746 1969 869 2037 duddm
887 1972 1072 2051 evolassent,
1095 1984 1264 2060 partesque
1279 1974 1388 2039 solidas
1402 1974 1520 2039 contis·

227 2080 357 2144 tentiam
382 2080 682 2145 memamisissent
728 2078 876 2146 Pluribus
900 2078 1036 2165 denique
1061 2078 1129 2143 aliis
1154 2080 1328 2153 rationibus
1348 2102 1390 2148 ex
1409 2080 1519 2147 naturd

228 2190 385 2253 vorticum
404 2189 521 2274 petitis,
542 2190 644 2277 magis
663 2188 843 2253 confirmari
861 2200 968 2272 posset
982 2188 1044 2253 tale
1058 2208 1174 2273 corpus
1190 2188 1395 2267 mundanum,
1418 2191 1519 2274 cujus·

232 2301 321 2365 modi
335 2314 383 2365 est
396 2302 501 2381 Luna,
525 2303 696 2368 subsistere
710 2324 775 2366 non
788 2322 892 2386 posse,
907 2299 969 2365 nisi
982 2300 1100 2365 vortice
1114 2301 1155 2365 sit
1169 2300 1315 2379 cincnrm,
1339 2322 1403 2387 quo
1417 2300 1519 2388 gravi·

233 2419 284 2472 tas
298 2408 380 2473 inid
400 2425 577 2499 generetur.
623 2411 762 2488 Quodsi
776 2428 881 2475 autem
895 2410 1133 2497 gravitationenr
1146 2407 1254 2477 versus
1269 2410 1395 2477 Lunam
1410 2432 1520 2475 conce·

228 2515 352 2595 damus,
376 2540 433 2583 cur
454 2522 521 2607 ejus
543 2520 699 2591 actionem
719 2540 785 2584 non
806 2518 848 2583 ad
869 2538 928 2581 nos
947 2516 1270 2603 usque-admittamus,
1292 2516 1379 2581 nulls
1392 2516 1519 2581 omnini

228 2628 309 2691 ratio
323 2630 450 2695 suadet:
473 2631 551 2718 quin
564 2629 670 2717 potitis
691 2628 844 2716 ejnstnodi
859 2629 922 2691 sim
942 2627 1074 2693 similem
1088 2626 1184 2693 stetui
1196 2627 1371 2704 conveniet,
1394 2627 1520 2713 reliquis

228 2735 262 2798 in
275 2725 400 2802 mundo'
410 2738 625 2824 deprehensis,
649 2760 722 2824 quoe
735 2738 824 2823 quasi
845 2736 879 2798 in
900 2733 1058 2803 infinitum
1072 2732 1288 2820 porriguntur,
1312 2746 1405 2819 atque
1419 2734 1520 2799 iuves

229 2864 296 2909 sam
310 2844 503 2930 duplicatam
518 2857 626 2911 tenent
639 2844 858 2911 disunmrum
872 2843 1035 2907 rationem.

270 2956 295 3031 t
312 2959 364 3016 10.
388 2952 454 3017 His
474 2952 627 3037 expositis
648 2950 847 3017 menifestum
869 2962 925 3026 est,
949 2960 981 3012 et
1002 2944 1093 3033 qussi
1114 2946 1306 3031 experiendi
1332 2948 1519 3025 convictum,

230 3054 366 3121 Terram
387 3080 460 3126 cum
479 3058 609 3147 singulis
629 3058 692 3123 suis
710 3059 853 3142 partibus
875 3070 939 3119 tam
960 3052 1069 3119 versus
1085 3053 1209 3119 Limam
1225 3052 1319 3140 quim
1333 3052 1442 3119 vereris
1464 3056 1518 3120 So-

228 3165 292 3228 lem
313 3164 471 3251 perpetub
490 3166 659 3244 sollicitari,
682 3177 775 3251 atque
796 3177 961 3249 utramque
983 3162 1047 3225 vim
1067 3161 1335 3246 proportionalem
1354 3184 1423 3227 esse
1443 3162 1518 3227 reci·

230 3274 329 3359 proci
348 3276 508 3361 quadratis
529 3275 756 3345 distanm
802 3273 870 3337 Hae
884 3272 980 3358 igitur
994 3272 1085 3348 vires,
1102 3269 1175 3334 crim
1189 3280 1262 3335 actu
1277 3270 1422 3349 existam,
1446 3292 1520 3335 con·

229 3397 408 3473 stanterque
428 3386 575 3453 effectum
596 3406 689 3451 suum
708 3392 850 3460 exerant,
872 3382 906 3445 in
925 3380 1074 3465 prasenti
1093 3379 1230 3466 negotio,
1258 3400 1323 3464 quo
1341 3379 1375 3443 in
1395 3400 1520 3445 causam

149 3526 153 3533 ·
229 3493 323 3559 sestis
344 3494 439 3559 maris
461 3494 657 3580 inquirimus,
679 3493 833 3579 praeteriri
853 3488 984 3555 omnini)
1004 3499 1184 3575 nequeunt;
1207 3488 1268 3551 nisi
1288 3486 1426 3551 dilucide
1445 3485 1518 3551 anti

229 3601 270 3664 sit
291 3602 470 3686 probatum,
493 3624 546 3667 ees
567 3624 632 3666 non
652 3598 756 3666 solim
776 3602 899 3665 fluxum
914 3620 951 3663 ac
964 3598 1122 3678 rffiurrum
1140 3618 1205 3661 non
1224 3618 1384 3684 gerserere,
1405 3596 1461 3661 sed
1475 3617 1517 3661 ne

228 3706 356 3792 quidem
380 3710 548 3795 quicquam
567 3708 700 3773 efficere.
745 3708 779 3773 Si
799 3708 885 3771 enim
909 3706 979 3771 istst
1002 3705 1082 3769 vires
1103 3702 1202 3769 ullum
1224 3705 1378 3769 dtmtsxat
1396 3716 1519 3769 motum

227 3822 426 3906 reciprocum
445 3822 527 3884 mari
546 3820 695 3884 inducere
716 3818 849 3896 valeant,
871 3816 1071 3903 quantumvis
1090 3816 1122 3878 is'
1137 3815 1232 3879 etism
1253 3816 1293 3877 sit
1308 3816 1450 3903 exiguus,
1472 3828 1518 3880 at·

228 3947 290 4014 (pre
310 3925 392 3992 adeb
411 3928 503 3995 testei
524 3928 620 3991 maris
636 3924 767 3989 sortasse
788 3924 974 4001 manerius,
997 3912 1105 3987 earum
1125 3932 1231 3985 temen
1250 3923 1331 3987 retio
1344 3921 1518 3989 necessarii

227 4035 287 4101 erit
305 4034 461 4113 habenda,
484 4031 556 4098 cdrn
578 4034 646 4097 sine
667 4032 728 4096 illis
745 4054 819 4095 rere
838 4052 943 4107 censa,
966 4048 1173 4115 quietumque
1198 4028 1248 4105 sit,
1271 4050 1374 4114 neque
1393 4030 1518 4097 investi-

227 4143 297 4229 gari
310 4163 412 4229 neque
418 4142 574 4231 cognosci
588 4142 696 4226 possit.
737 4140 850 4226 Neque
864 4150 1017 4223 prseteren
1031 4159 1116 4202 sense
1130 4137 1260 4201 rationis
1273 4151 1434 4228 praecepte
1446 4160 1517 4225 per·

227 4248 356 4313 mittunt
378 4250 454 4313 alias
479 4250 561 4313 vires
583 4248 773 4335 excogitare,
798 4248 832 4309 in
858 4246 957 4331 iisque
977 4266 1103 4309 causum
1123 4242 1218 4308 aestits
1238 4245 1333 4307 maris
1354 4246 1516 4324 collocme,

227 4371 397 4444 antequam
417 4360 577 4425 evidenter
598 4359 640 4424 sit
656 4358 916 4432 demonstrantur,
937 4354 1026 4419 binas
1046 4354 1120 4417 istas
1144 4353 1224 4417 vires
1246 4351 1353 4417 Solem
1378 4354 1517 4419 Lunam-

228 4490 290 4553 que
305 4476 491 4550 spectantes,
507 4489 584 4553 quas
598 4488 664 4530 non
678 4462 816 4552 gratuito
831 4462 1044 4537 essumsimus,
1069 4458 1126 4523 sed
1140 4480 1181 4523 ex
1196 4459 1374 4525 certissimis
1388 4462 1518 4545 phreno-

226 4575 328 4639 menis
350 4574 384 4637 in
405 4573 526 4637 mundo
543 4574 678 4637 existere
699 4572 853 4647 novimus,
877 4567 919 4635 sd
941 4568 1063 4632 fluxum
1087 4588 1125 4630 sc
1147 4564 1304 4630 refluxum
1326 4567 1420 4631 maris
1443 4588 1518 4653 pro·

228 4683 407 4749 ducendum
420 4704 485 4747 non
500 4705 567 4748 esse
582 4681 779 4747 sufficientes.
825 4681 867 4746 ln
881 4678 1083 4767 sequentibus
1097 4686 1203 4743 autern
1219 4676 1382 4764 Capitibus
1393 4677 1517 4745 clariis·
