3384 5459
171 374 254 440 cir.
270 375 316 455 1.]
551 372 617 439 AD
639 366 862 437 TERTIUM
884 368 1082 437 LIBRUM.
1395 377 1451 441 xiii

170 548 235 611 tori
251 546 416 633 parallelos
430 544 572 611 binnam
587 542 737 609 dividens.
782 544 965 608 Intersectio
985 542 1072 627 plani
1091 542 1256 609 meridiani
1271 565 1343 607 cum
1356 544 1451 628 plano

170 654 344 721 horizontis
365 655 401 721 H
419 654 451 719 R
466 655 515 719 vel
533 652 555 717 h
570 675 586 717 r
601 653 714 718 dicitur
731 652 812 717 lineo
829 656 1008 717 meridiana.
1054 654 1199 718 Circulos
1216 656 1366 718 verticalis
1380 654 1452 735 pri·

170 764 287 826 marius
307 773 356 827 est
376 760 429 825 ille
450 754 603 825 verticalis
622 760 675 846 qui
690 780 748 844 per
761 760 851 843 polos
865 760 1028 825 meridiani
1044 761 1165 825 transit.
1213 761 1260 825 Sit
1276 761 1302 825 Z
1318 761 1349 822 V
1365 759 1398 822 N
1413 759 1450 823 X

172 869 330 935 verticalis
344 870 510 955 primarius
525 868 718 933 horizontem
733 868 916 933 rationalem
932 870 970 933 H
985 870 1016 932 V
1032 871 1063 934 Β
1080 870 1115 933 X
1129 871 1317 934 intersecans
1332 870 1365 931 in
1381 869 1412 932 V
1422 878 1454 931 et

175 976 222 1053 X,
251 998 344 1061 quem
357 974 557 1039 ⁴meridianus
580 976 673 1039 etiam
698 984 782 1039 secat
802 974 836 1038 in
858 975 897 1040 H
910 986 942 1040 et
958 976 998 1038 R.
1045 974 1167 1040 Puncta
1187 988 1320 1061 quatuor
1342 974 1383 1052 R,
1407 975 1452 1052 X,

174 1084 224 1160 H,
245 1084 286 1161 V,
311 1083 458 1148 dicuntur
482 1084 623 1147 cardines
646 1086 751 1147 mundi
762 1118 773 1157 ,·
804 1098 956 1167 punctum
976 1084 1102 1169 quidem
1127 1086 1159 1149 R
1185 1084 1455 1175 inhamispberio

172 1188 293 1253 boreali
322 1188 417 1253 cardo
445 1190 664 1272 septentrionis,
697 1189 733 1253 H
763 1189 859 1253 cardo
887 1190 1034 1266 meridiei,
1061 1190 1092 1253 V
1115 1189 1157 1254 ad
1189 1202 1293 1275 partes
1328 1190 1455 1253 orientis

173 1296 271 1361 cardo
286 1296 410 1359 orientis
424 1306 455 1359 et
468 1307 619 1380 punctum
633 1294 811 1380 oppositum
825 1294 861 1358 X
876 1292 972 1359 cardo
986 1296 1154 1361 occidentis.

220 1414 251 1469 9.
274 1402 435 1468 Distantia
456 1400 624 1468 horizontis
639 1402 815 1488 apparentis
830 1402 871 1466 ab
885 1403 1047 1467 horizonte
1060 1426 1136 1467 vero
1151 1404 1214 1468 sivd
1229 1402 1347 1469 telluris
1365 1405 1456 1467 semi-

174 1512 329 1575 diameter
345 1510 368 1573 S
383 1508 424 1585 T,
448 1510 602 1575 sensibilia
617 1521 752 1586 nonest,
773 1510 800 1573 si
813 1508 990 1573 conferatur
1005 1531 1076 1574 cum
1091 1510 1249 1574 stellarum
1273 1506 1378 1594 (Luni
1393 1506 1457 1571 seri

176 1618 245 1685 soli
261 1615 404 1701 excepti)
421 1617 584 1695 distantiis,
601 1630 632 1683 et
645 1616 717 1681 ideo
732 1632 815 1681 terra
828 1630 972 1703 respectu
991 1617 1123 1702 sphaerae
1137 1618 1298 1685 stellarum
1311 1631 1459 1703 tanquam

174 1737 341 1812 punctum,
366 1739 398 1791 et
419 1726 549 1812 quilibet
562 1738 654 1790 terrae
667 1725 754 1791 locus
770 1738 918 1811 tanquam
938 1724 1030 1811 hujus
1052 1710 1184 1811 sphaera
1199 1708 1341 1791 centrum
1357 1725 1459 1790 consi-

178 1834 285 1899 derari
306 1847 419 1921 potest
465 1834 547 1897 Nam
570 1854 676 1915 omnes
701 1832 766 1897 feri
788 1834 1050 1899 Astronomorum
1071 1835 1301 1899 observationes
1326 1835 1360 1900 id
1386 1856 1460 1919 sup-

177 1958 304 2026 ponunt
327 1956 359 2007 et
384 1953 530 2025 computa
557 1939 630 2005 inde
654 1940 732 2005 inita
753 1960 825 2005 cum
851 1942 1065 2026 phaenomenis
1090 1944 1268 2009 coelestibus
1295 1944 1459 2029 quadrant

181 2048 285 2113 Porri)
306 2048 568 2136 quemadmodum
590 2048 712 2135 singula
733 2061 826 2112 terrae
846 2047 917 2112 loca
937 2070 996 2133 pro
1017 2060 1125 2112 centro
1146 2048 1279 2133 sphoerae
1301 2049 1461 2113 stellarum

180 2159 328 2242 usurpari
342 2170 454 2242 potest,
470 2154 514 2219 iat
527 2156 604 2243 fingi
618 2168 722 2242 potest
734 2158 768 2221 in
782 2158 888 2243 spatiis
909 2156 1084 2222 coelestibus
1111 2158 1263 2245 sphaerica
1283 2158 1463 2243 superficies

184 2266 273 2349 cujus
289 2276 375 2329 tanta
389 2266 429 2328 sit
443 2263 591 2327 diameter
605 2274 642 2327 ut
661 2261 743 2327 illius
764 2275 908 2348 respectu
929 2276 1090 2328 evanescat
1111 2264 1192 2329 Solis
1206 2264 1255 2328 vel
1270 2265 1368 2329 stellae
1382 2264 1463 2328 datia

180 2396 201 2435 a
210 2371 340 2436 Tellure
348 2370 504 2448 dannan,
515 2382 546 2434 et
560 2370 652 2455 hujus
661 2370 793 2456 sphaerae
808 2382 949 2434 centrum
963 2370 1078 2454 poterit
1091 2369 1236 2434 collocari
1252 2370 1463 2435 indifferenter

182 2482 235 2545 vel
250 2482 283 2545 in
297 2484 381 2547 terro
395 2482 445 2545 vel
459 2482 492 2545 in
508 2480 572 2547 sole
587 2491 641 2544 aut
655 2481 688 2543 in
703 2480 803 2565 spatio
817 2478 1010 2543 intermedio.

229 2598 281 2655 lo.
304 2589 444 2653 Altitudo
460 2590 530 2672 poli
547 2591 582 2653 P
601 2587 695 2673 staprd
715 2590 895 2652 horizontem
912 2601 959 2651 est
977 2587 1141 2650 meridiani
1160 2610 1250 2653 arcus
1268 2589 1296 2653 P
1311 2588 1342 2652 R
1356 2610 1376 2677 a
1389 2586 1465 2671 polo

186 2698 230 2763 ad
250 2698 443 2763 horizontem
464 2698 662 2783 interceptus.
707 2697 755 2760 Ea
769 2718 897 2781 semper.
909 2696 1037 2783 aqualis
1052 2708 1099 2759 est
1113 2698 1200 2759 arcui
1215 2697 1241 2760 Z
1256 2696 1301 2759 AE
1316 2718 1336 2757 a
1349 2695 1466 2760 vmtioe

185 2807 214 2871 Z
229 2804 271 2870 ad
284 2817 473 2892 aquatorem
489 2804 533 2870 ΖΕ
547 2805 579 2881 Q
594 2802 783 2889 intercepto;
807 2802 890 2868 Nam
905 2805 931 2868 si
945 2826 986 2868 ex
1000 2804 1108 2868 cir'culi
1121 2804 1344 2890 quadrantibus
1356 2802 1382 2868 Z
1395 2803 1422 2868 P
1434 2803 1465 2866 Β

184 2926 219 2978 et
233 2912 279 2978 AE
295 2914 322 2979 Z
338 2908 367 2979 P
388 2912 578 2979 subducatur
598 2936 688 2977 arcus
710 2913 883 2977 communis
899 2910 932 2976 Ζ·
942 2912 979 2989 Ρ,
1001 2912 1206 2977 remanebunt
1226 2935 1316 2977 arcus
1331 2908 1466 2996 aequales

184 3022 232 3087 AE
256 3020 336 3088 Zet
359 3022 386 3088 P
409 3022 449 3088 Β
494 3022 634 3087 Altitudo
654 3022 816 3107 oequmoris
829 3018 923 3104 cupre
936 3022 1117 3084 horizontem
1131 3033 1179 3084 ast
1192 3042 1282 3085 arcus
1303 3015 1468 3083 meridiani

184 3127 234 3194 AE
251 3126 297 3207 H,
320 3128 401 3194 inter
421 3142 611 3216 aequatorem
632 3141 664 3192 ct
683 3126 877 3192 horizontem
900 3128 1104 3214 interceptum
1127 3127 1253 3213 aequalis
1268 3139 1316 3191 est
1331 3124 1468 3211 comple·

186 3250 297 3303 mento
320 3238 490 3307 altitudinis
514 3240 579 3326 poli
602 3260 657 3303 seu
682 3236 767 3301 arcui
795 3236 822 3300 Z
852 3236 890 3313 P,
917 3235 1012 3321 quod,
1043 3232 1147 3299 ablato
1175 3258 1217 3300 ex
1244 3232 1468 3322 quadrantibus

189 3346 227 3412 H
244 3347 289 3412 AE
303 3350 328 3413 Z
339 3363 370 3414 et
385 3350 430 3415 AE
443 3350 468 3416 Z
481 3350 508 3415 P
523 3346 679 3414 communi
694 3364 769 3411 arcu
785 3339 829 3409 AE
842 3346 869 3409 Z
881 3343 1077 3409 manifestum
1088 3355 1145 3408 est.
1167 3344 1306 3409 Altitudo
1317 3365 1469 3429 afferam

185 3450 298 3518 sideris
319 3455 368 3519 vel
389 3456 497 3540 puncti
519 3453 682 3540 cujuslibet
704 3448 733 3516 L
755 3451 789 3515 iu
810 3448 932 3537 sphaeri
953 3444 1121 3527 mundant,
1144 3461 1192 3515 est
1205 3450 1337 3538 angulus
1352 3452 1383 3516 L
1399 3453 1422 3517 S
1437 3474 1466 3527 v,
1492 3432 1496 3438 ¹

188 3560 250 3622 sub
272 3578 334 3647 quo
356 3580 396 3625 ex
418 3574 524 3626 centro
542 3561 571 3643 'S
591 3556 762 3621 horizontis
785 3554 938 3620 sensibilis
958 3556 1081 3619 videtur
1095 3565 1185 3619 arcus
1201 3554 1230 3620 L
1244 3579 1265 3618 v
1279 3551 1468 3638 circuli'ver·

186 3666 288 3729 ticalis
309 3689 367 3751 per
390 3668 419 3731 L
441 3668 527 3731 ducti
549 3664 646 3751 usque
668 3664 709 3727 ad
732 3664 926 3727 horizontem
950 3660 1127 3726 sensibilem
1145 3660 1202 3726 hv
1216 3686 1233 3727 r
1246 3686 1278 3728 x.
1324 3664 1467 3728 Altitudo

184 3792 261 3837 vera
283 3760 391 3859 puncti
415 3774 444 3839 L
466 3788 513 3838 est
533 3772 664 3861 angulus
686 3772 716 3837 L
739 3771 770 3836 T
792 3768 831 3849 V,
856 3793 911 3835 seu
932 3770 1029 3855 ipsius
1049 3792 1196 3837 mensura
1217 3796 1306 3837 arcus
1333 3774 1361 3837 L
1382 3774 1413 3836 V
1433 3774 1468 3837 iu

189 3878 310 3943 circrdo
323 3880 460 3945 verticuli
474 3902 530 3964 per
546 3877 575 3943 L
590 3878 685 3942 ducto
699 3872 797 3964 usque
811 3876 853 3941 ad
867 3874 1061 3941 horizontem
1075 3877 1256 3942 rationalem
1272 3878 1310 3943 H
1325 3880 1355 3943 V
1372 3881 1403 3944 Β
1420 3880 1464 3945 X.

187 3984 285 4051 Unde
311 3988 359 4071 (9)
389 3988 545 4052 stellarum
574 3987 709 4051 fixarum
735 3998 767 4051 et
793 3984 874 4050 solis
903 3984 1080 4051 altitudines
1110 3999 1293 4071 apparentes
1322 4000 1354 4053 et
1383 4013 1465 4055 verae

188 4092 379 4158 coincidunt

237 4210 287 4265 11.
311 4200 380 4264 lam
404 4198 478 4266 verb
507 4202 567 4288 qui
590 4203 709 4267 ratione
729 4201 940 4287 phaenomena
960 4223 1032 4289 quae
1054 4201 1148 4286 suprai
1167 4204 1338 4283 retulimus,
1360 4206 1468 4270 etalio

185 4328 263 4395 quae
296 4306 441 4393 deinceps
474 4310 653 4388 referemus,
685 4312 842 4376 observari
862 4314 1033 4396 potuerint,
1063 4313 1170 4397 paucis
1194 4336 1404 4401 exponemus3
1437 4329 1469 4380 et

185 4416 316 4502 quidem
339 4418 379 4481 ab
394 4418 608 4484 observatione
631 4418 802 4484 altitudinis
828 4422 1006 4507 apparentis
1028 4422 1162 4489 siderum
1185 4449 1255 4512 quae
1275 4426 1469 4511 praecipuum

189 4528 290 4593 totius
306 4514 516 4597 Astronomiae
530 4528 765 4597 hmdamenuun
780 4545 837 4612 est,
854 4532 977 4597 initium
988 4533 1146 4601 ducemus.
1181 4536 1298 4601 Circuli
1313 4534 1469 4620 quadrans
