<?xml version="1.0" encoding="UTF-8"?>
<!DOCTYPE html PUBLIC "-//W3C//DTD XHTML 1.0 Transitional//EN"
    "http://www.w3.org/TR/xhtml1/DTD/xhtml1-transitional.dtd">
<html xmlns="http://www.w3.org/1999/xhtml" xml:lang="en" lang="en">
 <head>
  <title>
</title>
<meta http-equiv="Content-Type" content="text/html;charset=utf-8" />
  <meta name='ocr-system' content='tesseract 3.04.00' />
  <meta name='ocr-capabilities' content='ocr_page ocr_carea ocr_par ocr_line ocrx_word'/>
</head>
<body>
  <div class='ocr_page' id='page_1' title='image "./philosophinatur05wriggoog_0043.png"; bbox 0 0 3384 5459; ppageno 0'>
   <div class='ocr_carea' id='block_1_1' title="bbox 139 400 1428 511">
    <p class='ocr_par' dir='ltr' id='par_1_1' title="bbox 139 400 1428 511">
     <span class='ocr_line' id='line_1_1' title="bbox 139 400 1428 511; baseline 0.009 -15"><span class='ocrx_word' id='word_1_1' title='bbox 139 431 321 511; x_wconf 69' lang='lat' dir='ltr'><strong>canna]</strong></span> <span class='ocrx_word' id='word_1_2' title='bbox 518 434 585 501; x_wconf 80' lang='lat' dir='ltr'><strong>nn</strong></span> <span class='ocrx_word' id='word_1_3' title='bbox 608 434 831 505; x_wconf 75' lang='lat' dir='ltr'><strong>renuunt</strong></span> <span class='ocrx_word' id='word_1_4' title='bbox 854 438 1054 507; x_wconf 77' lang='lat' dir='ltr'><strong>munuu.</strong></span> <span class='ocrx_word' id='word_1_5' title='bbox 1338 400 1428 509; x_wconf 61' lang='lat' dir='ltr'><strong>&#39;aar</strong></span> 
     </span>
    </p>
   </div>
   <div class='ocr_carea' id='block_1_2' title="bbox 104 606 1527 4712">
    <p class='ocr_par' dir='ltr' id='par_1_2' title="bbox 119 606 1430 2635">
     <span class='ocr_line' id='line_1_2' title="bbox 134 606 1428 699; baseline 0.008 -28"><span class='ocrx_word' id='word_1_6' title='bbox 134 606 205 671; x_wconf 81' lang='lat' dir='ltr'><strong>duoe</strong></span> <span class='ocrx_word' id='word_1_7' title='bbox 228 606 328 672; x_wconf 83' lang='lat' dir='ltr'><strong>stellae</strong></span> <span class='ocrx_word' id='word_1_8' title='bbox 350 606 425 672; x_wconf 82' lang='lat' dir='ltr'><strong>fixae</strong></span> <span class='ocrx_word' id='word_1_9' title='bbox 445 630 578 695; x_wconf 88' lang='lat' dir='ltr'><strong>quarum</strong></span> <span class='ocrx_word' id='word_1_10' title='bbox 600 609 748 677; x_wconf 76' lang='lat' dir='ltr'><strong>distantia</strong></span> <span class='ocrx_word' id='word_1_11' title='bbox 769 634 925 699; x_wconf 84' lang='lat' dir='ltr'><strong>apparens</strong></span> <span class='ocrx_word' id='word_1_12' title='bbox 942 615 975 678; x_wconf 91' lang='lat' dir='ltr'><strong>iu</strong></span> <span class='ocrx_word' id='word_1_13' title='bbox 994 613 1122 681; x_wconf 90' lang='lat' dir='ltr'><strong>minutis</strong></span> <span class='ocrx_word' id='word_1_14' title='bbox 1143 616 1288 681; x_wconf 88' lang='lat' dir='ltr'><strong>secundis</strong></span> <span class='ocrx_word' id='word_1_15' title='bbox 1302 614 1428 682; x_wconf 72' lang='lat' dir='ltr'><strong>aliunde</strong></span> 
     </span>
     <span class='ocr_line' id='line_1_3' title="bbox 130 719 1430 812; baseline 0.008 -32"><span class='ocrx_word' id='word_1_16' title='bbox 130 730 206 783; x_wconf 86' lang='lat' dir='ltr'><strong>nota</strong></span> <span class='ocrx_word' id='word_1_17' title='bbox 227 719 278 796; x_wconf 90' lang='lat' dir='ltr'><strong>sit,</strong></span> <span class='ocrx_word' id='word_1_18' title='bbox 302 719 365 783; x_wconf 90' lang='lat' dir='ltr'><strong>siut</strong></span> <span class='ocrx_word' id='word_1_19' title='bbox 384 719 416 783; x_wconf 91' lang='lat' dir='ltr'><strong>in</strong></span> <span class='ocrx_word' id='word_1_20' title='bbox 436 719 493 785; x_wconf 87' lang='lat' dir='ltr'><strong>filo</strong></span> <span class='ocrx_word' id='word_1_21' title='bbox 513 722 714 787; x_wconf 83' lang='lat' dir='ltr'><strong>transversali</strong></span> <span class='ocrx_word' id='word_1_22' title='bbox 735 722 769 788; x_wconf 91' lang='lat' dir='ltr'>K</span> <span class='ocrx_word' id='word_1_23' title='bbox 784 723 824 801; x_wconf 90' lang='lat' dir='ltr'><strong>L,</strong></span> <span class='ocrx_word' id='word_1_24' title='bbox 841 724 953 809; x_wconf 77' lang='lat' dir='ltr'><strong>positae</strong></span> <span class='ocrx_word' id='word_1_25' title='bbox 968 739 1169 812; x_wconf 78' lang='lat' dir='ltr'><strong>verseturque</strong></span> <span class='ocrx_word' id='word_1_26' title='bbox 1184 725 1313 791; x_wconf 79' lang='lat' dir='ltr'>cochlea</span> <span class='ocrx_word' id='word_1_27' title='bbox 1326 727 1430 791; x_wconf 87' lang='lat' dir='ltr'><strong>donec</strong></span> 
     </span>
     <span class='ocr_line' id='line_1_4' title="bbox 131 828 1429 917; baseline 0.007 -26"><span class='ocrx_word' id='word_1_28' title='bbox 131 828 220 893; x_wconf 83' lang='lat' dir='ltr'><strong>iilum</strong></span> <span class='ocrx_word' id='word_1_29' title='bbox 242 830 361 896; x_wconf 82' lang='lat' dir='ltr'><strong>mobile</strong></span> <span class='ocrx_word' id='word_1_30' title='bbox 381 830 404 893; x_wconf 94' lang='lat' dir='ltr'>h</span> <span class='ocrx_word' id='word_1_31' title='bbox 427 831 467 910; x_wconf 91' lang='lat' dir='ltr'><strong>L,</strong></span> <span class='ocrx_word' id='word_1_32' title='bbox 490 854 548 917; x_wconf 87' lang='lat' dir='ltr'><strong>per</strong></span> <span class='ocrx_word' id='word_1_33' title='bbox 569 847 712 899; x_wconf 85' lang='lat' dir='ltr'><strong>centrum</strong></span> <span class='ocrx_word' id='word_1_34' title='bbox 733 856 765 913; x_wconf 92' lang='lat' dir='ltr'><strong>x,</strong></span> <span class='ocrx_word' id='word_1_35' title='bbox 789 834 888 898; x_wconf 70' lang='lat' dir='ltr'><strong>stellae</strong></span> <span class='ocrx_word' id='word_1_36' title='bbox 911 835 1003 899; x_wconf 74' lang='lat' dir='ltr'><strong>uanius</strong></span> <span class='ocrx_word' id='word_1_37' title='bbox 1017 848 1164 914; x_wconf 87' lang='lat' dir='ltr'><strong>transeat,</strong></span> <span class='ocrx_word' id='word_1_38' title='bbox 1187 835 1315 900; x_wconf 85' lang='lat' dir='ltr'><strong>alterius</strong></span> <span class='ocrx_word' id='word_1_39' title='bbox 1329 836 1429 901; x_wconf 83' lang='lat' dir='ltr'><strong>stellae</strong></span> 
     </span>
     <span class='ocr_line' id='line_1_5' title="bbox 129 938 1428 1019; baseline 0.007 -18"><span class='ocrx_word' id='word_1_40' title='bbox 129 948 240 1001; x_wconf 88' lang='lat' dir='ltr'><strong>centro</strong></span> <span class='ocrx_word' id='word_1_41' title='bbox 265 959 307 1012; x_wconf 88' lang='lat' dir='ltr'><strong>m,</strong></span> <span class='ocrx_word' id='word_1_42' title='bbox 334 938 384 1002; x_wconf 92' lang='lat' dir='ltr'><strong>vel</strong></span> <span class='ocrx_word' id='word_1_43' title='bbox 407 959 439 1015; x_wconf 92' lang='lat' dir='ltr'><strong>n,</strong></span> <span class='ocrx_word' id='word_1_44' title='bbox 467 940 621 1005; x_wconf 82' lang='lat' dir='ltr'><strong>existente</strong></span> <span class='ocrx_word' id='word_1_45' title='bbox 642 940 675 1005; x_wconf 92' lang='lat' dir='ltr'><strong>in</strong></span> <span class='ocrx_word' id='word_1_46' title='bbox 698 940 760 1007; x_wconf 88' lang='lat' dir='ltr'><strong>alio</strong></span> <span class='ocrx_word' id='word_1_47' title='bbox 775 940 830 1007; x_wconf 81' lang='lat' dir='ltr'><strong>filu</strong></span> <span class='ocrx_word' id='word_1_48' title='bbox 850 964 870 1007; x_wconf 89' lang='lat' dir='ltr'><strong>a</strong></span> <span class='ocrx_word' id='word_1_49' title='bbox 891 942 922 1019; x_wconf 93' lang='lat' dir='ltr'><strong>b,</strong></span> <span class='ocrx_word' id='word_1_50' title='bbox 940 942 991 1006; x_wconf 87' lang='lat' dir='ltr'><strong>vel</strong></span> <span class='ocrx_word' id='word_1_51' title='bbox 1006 964 1024 1007; x_wconf 90' lang='lat' dir='ltr'><strong>c</strong></span> <span class='ocrx_word' id='word_1_52' title='bbox 1038 943 1070 1007; x_wconf 86' lang='lat' dir='ltr'><strong>d.</strong></span> <span class='ocrx_word' id='word_1_53' title='bbox 1118 940 1194 1007; x_wconf 77' lang='lat' dir='ltr'><strong>Hac</strong></span> <span class='ocrx_word' id='word_1_54' title='bbox 1207 944 1428 1010; x_wconf 87' lang='lat' dir='ltr'><strong>observatione</strong></span> 
     </span>
     <span class='ocr_line' id='line_1_6' title="bbox 129 1048 1428 1139; baseline 0.006 -30"><span class='ocrx_word' id='word_1_55' title='bbox 129 1059 239 1111; x_wconf 90' lang='lat' dir='ltr'><strong>notum</strong></span> <span class='ocrx_word' id='word_1_56' title='bbox 255 1048 316 1112; x_wconf 89' lang='lat' dir='ltr'><strong>erit</strong></span> <span class='ocrx_word' id='word_1_57' title='bbox 330 1048 455 1113; x_wconf 88' lang='lat' dir='ltr'><strong>cuinam</strong></span> <span class='ocrx_word' id='word_1_58' title='bbox 468 1049 626 1115; x_wconf 78' lang='lat' dir='ltr'><strong>distantiae</strong></span> <span class='ocrx_word' id='word_1_59' title='bbox 641 1051 804 1136; x_wconf 76' lang='lat' dir='ltr'><strong>apparenti</strong></span> <span class='ocrx_word' id='word_1_60' title='bbox 820 1052 1009 1136; x_wconf 88' lang='lat' dir='ltr'><strong>respondeat</strong></span> <span class='ocrx_word' id='word_1_61' title='bbox 1023 1051 1189 1139; x_wconf 85' lang='lat' dir='ltr'><strong>longitudo</strong></span> <span class='ocrx_word' id='word_1_62' title='bbox 1203 1074 1234 1115; x_wconf 89' lang='lat' dir='ltr'><strong>m</strong></span> <span class='ocrx_word' id='word_1_63' title='bbox 1246 1074 1279 1130; x_wconf 87' lang='lat' dir='ltr'><strong>x,</strong></span> <span class='ocrx_word' id='word_1_64' title='bbox 1295 1053 1345 1117; x_wconf 91' lang='lat' dir='ltr'><strong>vel</strong></span> <span class='ocrx_word' id='word_1_65' title='bbox 1361 1074 1383 1117; x_wconf 90' lang='lat' dir='ltr'><strong>n</strong></span> <span class='ocrx_word' id='word_1_66' title='bbox 1393 1076 1428 1131; x_wconf 92' lang='lat' dir='ltr'><strong>x,</strong></span> 
     </span>
     <span class='ocr_line' id='line_1_7' title="bbox 129 1152 1429 1249; baseline 0.01 -34"><span class='ocrx_word' id='word_1_67' title='bbox 129 1152 162 1216; x_wconf 92' lang='lat' dir='ltr'><strong>iu</strong></span> <span class='ocrx_word' id='word_1_68' title='bbox 178 1153 271 1219; x_wconf 89' lang='lat' dir='ltr'><strong>lineis</strong></span> <span class='ocrx_word' id='word_1_69' title='bbox 287 1168 319 1219; x_wconf 92' lang='lat' dir='ltr'><strong>et</strong></span> <span class='ocrx_word' id='word_1_70' title='bbox 334 1154 426 1221; x_wconf 80' lang='lat' dir='ltr'><strong>liuere</strong></span> <span class='ocrx_word' id='word_1_71' title='bbox 440 1158 582 1241; x_wconf 89' lang='lat' dir='ltr'><strong>partibus</strong></span> <span class='ocrx_word' id='word_1_72' title='bbox 601 1158 685 1235; x_wconf 88' lang='lat' dir='ltr'><strong>data,</strong></span> <span class='ocrx_word' id='word_1_73' title='bbox 707 1172 740 1222; x_wconf 89' lang='lat' dir='ltr'><strong>et</strong></span> <span class='ocrx_word' id='word_1_74' title='bbox 754 1156 827 1223; x_wconf 75' lang='lat' dir='ltr'><strong>imld</strong></span> <span class='ocrx_word' id='word_1_75' title='bbox 842 1175 900 1245; x_wconf 90' lang='lat' dir='ltr'><strong>per</strong></span> <span class='ocrx_word' id='word_1_76' title='bbox 914 1160 1129 1245; x_wconf 80' lang='lat' dir='ltr'><strong>proportionis</strong></span> <span class='ocrx_word' id='word_1_77' title='bbox 1145 1160 1297 1249; x_wconf 81' lang='lat' dir='ltr'><strong>regulam,</strong></span> <span class='ocrx_word' id='word_1_78' title='bbox 1321 1160 1429 1227; x_wconf 87' lang='lat' dir='ltr'><strong>obscr-</strong></span> 
     </span>
     <span class='ocr_line' id='line_1_8' title="bbox 128 1263 1429 1357; baseline 0.005 -30"><span class='ocrx_word' id='word_1_79' title='bbox 128 1263 198 1329; x_wconf 86' lang='lat' dir='ltr'><strong>vatri</strong></span> <span class='ocrx_word' id='word_1_80' title='bbox 222 1264 362 1351; x_wconf 73' lang='lat' dir='ltr'><strong>quilibet</strong></span> <span class='ocrx_word' id='word_1_81' title='bbox 383 1265 444 1331; x_wconf 78' lang='lat' dir='ltr'><strong>aliia</strong></span> <span class='ocrx_word' id='word_1_82' title='bbox 467 1268 604 1333; x_wconf 88' lang='lat' dir='ltr'><strong>siderum</strong></span> <span class='ocrx_word' id='word_1_83' title='bbox 628 1266 776 1333; x_wconf 74' lang='lat' dir='ltr'><strong>distantiis</strong></span> <span class='ocrx_word' id='word_1_84' title='bbox 799 1290 820 1331; x_wconf 92' lang='lat' dir='ltr'><strong>n</strong></span> <span class='ocrx_word' id='word_1_85' title='bbox 844 1291 876 1353; x_wconf 89' lang='lat' dir='ltr'><strong>q,</strong></span> <span class='ocrx_word' id='word_1_86' title='bbox 899 1268 1026 1333; x_wconf 89' lang='lat' dir='ltr'><strong>dabitur</strong></span> <span class='ocrx_word' id='word_1_87' title='bbox 1047 1269 1183 1357; x_wconf 82' lang='lat' dir='ltr'><strong>angulus</strong></span> <span class='ocrx_word' id='word_1_88' title='bbox 1205 1270 1265 1333; x_wconf 91' lang='lat' dir='ltr'><strong>sub</strong></span> <span class='ocrx_word' id='word_1_89' title='bbox 1280 1292 1344 1355; x_wconf 93' lang='lat' dir='ltr'><strong>quo</strong></span> <span class='ocrx_word' id='word_1_90' title='bbox 1358 1270 1429 1335; x_wconf 85' lang='lat' dir='ltr'><strong>lroec</strong></span> 
     </span>
     <span class='ocr_line' id='line_1_9' title="bbox 127 1371 1429 1463; baseline 0.005 -27"><span class='ocrx_word' id='word_1_91' title='bbox 127 1371 278 1436; x_wconf 77' lang='lat' dir='ltr'><strong>distantia</strong></span> <span class='ocrx_word' id='word_1_92' title='bbox 299 1372 387 1438; x_wconf 92' lang='lat' dir='ltr'><strong>nudo</strong></span> <span class='ocrx_word' id='word_1_93' title='bbox 408 1373 502 1439; x_wconf 89' lang='lat' dir='ltr'><strong>uculo</strong></span> <span class='ocrx_word' id='word_1_94' title='bbox 521 1374 689 1451; x_wconf 87' lang='lat' dir='ltr'><strong>videretur,</strong></span> <span class='ocrx_word' id='word_1_95' title='bbox 707 1372 870 1439; x_wconf 79' lang='lat' dir='ltr'><strong>inferendo</strong></span> <span class='ocrx_word' id='word_1_96' title='bbox 885 1374 948 1439; x_wconf 86' lang='lat' dir='ltr'><strong>sic:</strong></span> <span class='ocrx_word' id='word_1_97' title='bbox 972 1388 1007 1440; x_wconf 89' lang='lat' dir='ltr'><strong>ut</strong></span> <span class='ocrx_word' id='word_1_98' title='bbox 1020 1397 1054 1439; x_wconf 93' lang='lat' dir='ltr'><strong>m</strong></span> <span class='ocrx_word' id='word_1_99' title='bbox 1066 1395 1090 1439; x_wconf 90' lang='lat' dir='ltr'><strong>x</strong></span> <span class='ocrx_word' id='word_1_100' title='bbox 1104 1377 1153 1440; x_wconf 89' lang='lat' dir='ltr'><strong>vel</strong></span> <span class='ocrx_word' id='word_1_101' title='bbox 1169 1399 1190 1440; x_wconf 91' lang='lat' dir='ltr'><strong>n</strong></span> <span class='ocrx_word' id='word_1_102' title='bbox 1206 1398 1228 1440; x_wconf 88' lang='lat' dir='ltr'>x</span> <span class='ocrx_word' id='word_1_103' title='bbox 1244 1376 1284 1441; x_wconf 93' lang='lat' dir='ltr'><strong>ad</strong></span> <span class='ocrx_word' id='word_1_104' title='bbox 1299 1400 1321 1440; x_wconf 94' lang='lat' dir='ltr'><strong>n</strong></span> <span class='ocrx_word' id='word_1_105' title='bbox 1336 1400 1367 1463; x_wconf 88' lang='lat' dir='ltr'><strong>q,</strong></span> <span class='ocrx_word' id='word_1_106' title='bbox 1384 1376 1429 1443; x_wconf 78' lang='lat' dir='ltr'><strong>tat</strong></span> 
     </span>
     <span class='ocr_line' id='line_1_10' title="bbox 125 1479 1426 1572; baseline 0.005 -27"><span class='ocrx_word' id='word_1_107' title='bbox 125 1481 276 1547; x_wconf 87' lang='lat' dir='ltr'><strong>distantia</strong></span> <span class='ocrx_word' id='word_1_108' title='bbox 298 1502 453 1569; x_wconf 88' lang='lat' dir='ltr'><strong>apparens</strong></span> <span class='ocrx_word' id='word_1_109' title='bbox 476 1484 636 1549; x_wconf 85' lang='lat' dir='ltr'><strong>stellartun</strong></span> <span class='ocrx_word' id='word_1_110' title='bbox 659 1479 793 1549; x_wconf 82' lang='lat' dir='ltr'><strong>tluarum</strong></span> <span class='ocrx_word' id='word_1_111' title='bbox 815 1506 858 1561; x_wconf 90' lang='lat' dir='ltr'><strong>m,</strong></span> <span class='ocrx_word' id='word_1_112' title='bbox 878 1484 926 1549; x_wconf 84' lang='lat' dir='ltr'><strong>vel</strong></span> <span class='ocrx_word' id='word_1_113' title='bbox 943 1507 975 1562; x_wconf 93' lang='lat' dir='ltr'><strong>n,</strong></span> <span class='ocrx_word' id='word_1_114' title='bbox 993 1500 1025 1549; x_wconf 90' lang='lat' dir='ltr'><strong>et</strong></span> <span class='ocrx_word' id='word_1_115' title='bbox 1038 1506 1060 1548; x_wconf 87' lang='lat' dir='ltr'><strong>x</strong></span> <span class='ocrx_word' id='word_1_116' title='bbox 1076 1484 1118 1549; x_wconf 91' lang='lat' dir='ltr'><strong>ad</strong></span> <span class='ocrx_word' id='word_1_117' title='bbox 1133 1484 1315 1550; x_wconf 84' lang='lat' dir='ltr'><strong>distantium</strong></span> <span class='ocrx_word' id='word_1_118' title='bbox 1329 1510 1426 1572; x_wconf 87' lang='lat' dir='ltr'><strong>appa-</strong></span> 
     </span>
     <span class='ocr_line' id='line_1_11' title="bbox 124 1588 1427 1681; baseline 0.006 -30"><span class='ocrx_word' id='word_1_119' title='bbox 124 1602 249 1653; x_wconf 89' lang='lat' dir='ltr'><strong>rentem</strong></span> <span class='ocrx_word' id='word_1_120' title='bbox 263 1604 454 1674; x_wconf 90' lang='lat' dir='ltr'><strong>punctorum</strong></span> <span class='ocrx_word' id='word_1_121' title='bbox 465 1613 487 1654; x_wconf 94' lang='lat' dir='ltr'><strong>n</strong></span> <span class='ocrx_word' id='word_1_122' title='bbox 502 1604 534 1656; x_wconf 92' lang='lat' dir='ltr'><strong>et</strong></span> <span class='ocrx_word' id='word_1_123' title='bbox 546 1615 579 1678; x_wconf 91' lang='lat' dir='ltr'><strong>q.</strong></span> <span class='ocrx_word' id='word_1_124' title='bbox 626 1588 797 1655; x_wconf 81' lang='lat' dir='ltr'><strong>Moventur</strong></span> <span class='ocrx_word' id='word_1_125' title='bbox 807 1592 874 1677; x_wconf 90' lang='lat' dir='ltr'><strong>jam</strong></span> <span class='ocrx_word' id='word_1_126' title='bbox 889 1592 1045 1677; x_wconf 88' lang='lat' dir='ltr'><strong>quadrum</strong></span> <span class='ocrx_word' id='word_1_127' title='bbox 1063 1592 1091 1657; x_wconf 85' lang='lat' dir='ltr'>E</span> <span class='ocrx_word' id='word_1_128' title='bbox 1104 1594 1131 1656; x_wconf 83' lang='lat' dir='ltr'><strong>F</strong></span> <span class='ocrx_word' id='word_1_129' title='bbox 1144 1596 1180 1666; x_wconf 87' lang='lat' dir='ltr'><strong>H</strong></span> <span class='ocrx_word' id='word_1_130' title='bbox 1196 1596 1227 1663; x_wconf 87' lang='lat' dir='ltr'>G</span> <span class='ocrx_word' id='word_1_131' title='bbox 1241 1616 1302 1679; x_wconf 91' lang='lat' dir='ltr'><strong>ope</strong></span> <span class='ocrx_word' id='word_1_132' title='bbox 1318 1618 1427 1681; x_wconf 88' lang='lat' dir='ltr'><strong>recep-</strong></span> 
     </span>
     <span class='ocr_line' id='line_1_12' title="bbox 124 1696 1426 1784; baseline 0.007 -26"><span class='ocrx_word' id='word_1_133' title='bbox 124 1696 221 1759; x_wconf 87' lang='lat' dir='ltr'><strong>taculi</strong></span> <span class='ocrx_word' id='word_1_134' title='bbox 237 1696 337 1760; x_wconf 89' lang='lat' dir='ltr'><strong>striati</strong></span> <span class='ocrx_word' id='word_1_135' title='bbox 352 1697 454 1762; x_wconf 86' lang='lat' dir='ltr'><strong>donec</strong></span> <span class='ocrx_word' id='word_1_136' title='bbox 468 1698 557 1763; x_wconf 86' lang='lat' dir='ltr'><strong>filum</strong></span> <span class='ocrx_word' id='word_1_137' title='bbox 573 1700 639 1784; x_wconf 85' lang='lat' dir='ltr'><strong>ejus</strong></span> <span class='ocrx_word' id='word_1_138' title='bbox 654 1697 816 1765; x_wconf 89' lang='lat' dir='ltr'><strong>sericumh</strong></span> <span class='ocrx_word' id='word_1_139' title='bbox 828 1696 982 1775; x_wconf 77' lang='lat' dir='ltr'><strong>L,exactd</strong></span> <span class='ocrx_word' id='word_1_140' title='bbox 993 1699 1159 1763; x_wconf 87' lang='lat' dir='ltr'><strong>conveniat</strong></span> <span class='ocrx_word' id='word_1_141' title='bbox 1174 1700 1301 1765; x_wconf 79' lang='lat' dir='ltr'><strong>cuilibet</strong></span> <span class='ocrx_word' id='word_1_142' title='bbox 1311 1724 1352 1766; x_wconf 90' lang='lat' dir='ltr'><strong>ex</strong></span> <span class='ocrx_word' id='word_1_143' title='bbox 1365 1703 1426 1768; x_wconf 85' lang='lat' dir='ltr'><strong>filis</strong></span> 
     </span>
     <span class='ocr_line' id='line_1_13' title="bbox 121 1806 1428 1895; baseline 0.005 -25"><span class='ocrx_word' id='word_1_144' title='bbox 121 1806 284 1891; x_wconf 72' lang='lat' dir='ltr'><strong>parallelis</strong></span> <span class='ocrx_word' id='word_1_145' title='bbox 306 1807 435 1872; x_wconf 87' lang='lat' dir='ltr'><strong>alterius</strong></span> <span class='ocrx_word' id='word_1_146' title='bbox 457 1808 579 1895; x_wconf 79' lang='lat' dir='ltr'><strong>quadri,</strong></span> <span class='ocrx_word' id='word_1_147' title='bbox 602 1820 789 1894; x_wconf 84' lang='lat' dir='ltr'><strong>noteturque</strong></span> <span class='ocrx_word' id='word_1_148' title='bbox 811 1807 927 1893; x_wconf 83' lang='lat' dir='ltr'><strong>positio</strong></span> <span class='ocrx_word' id='word_1_149' title='bbox 947 1807 1161 1873; x_wconf 70' lang='lat' dir='ltr'><strong>anniculorum</strong></span> <span class='ocrx_word' id='word_1_150' title='bbox 1184 1812 1373 1894; x_wconf 88' lang='lat' dir='ltr'><strong>receptaculi</strong></span> <span class='ocrx_word' id='word_1_151' title='bbox 1395 1824 1428 1877; x_wconf 89' lang='lat' dir='ltr'><strong>et</strong></span> 
     </span>
     <span class='ocr_line' id='line_1_14' title="bbox 122 1912 1428 2004; baseline 0.005 -25"><span class='ocrx_word' id='word_1_152' title='bbox 122 1916 240 1981; x_wconf 88' lang='lat' dir='ltr'><strong>iterum</strong></span> <span class='ocrx_word' id='word_1_153' title='bbox 255 1932 419 1984; x_wconf 86' lang='lat' dir='ltr'><strong>moveatur</strong></span> <span class='ocrx_word' id='word_1_154' title='bbox 439 1918 669 2004; x_wconf 88' lang='lat' dir='ltr'><strong>receptaculum</strong></span> <span class='ocrx_word' id='word_1_155' title='bbox 686 1912 786 1983; x_wconf 85' lang='lat' dir='ltr'><strong>donec</strong></span> <span class='ocrx_word' id='word_1_156' title='bbox 801 1912 886 1981; x_wconf 85' lang='lat' dir='ltr'><strong>idem</strong></span> <span class='ocrx_word' id='word_1_157' title='bbox 902 1916 991 1981; x_wconf 85' lang='lat' dir='ltr'><strong>filum</strong></span> <span class='ocrx_word' id='word_1_158' title='bbox 1007 1916 1118 2003; x_wconf 82' lang='lat' dir='ltr'><strong>quadri</strong></span> <span class='ocrx_word' id='word_1_159' title='bbox 1134 1916 1164 1981; x_wconf 85' lang='lat' dir='ltr'><strong>E</strong></span> <span class='ocrx_word' id='word_1_160' title='bbox 1177 1918 1205 1981; x_wconf 87' lang='lat' dir='ltr'>F</span> <span class='ocrx_word' id='word_1_161' title='bbox 1219 1916 1257 1983; x_wconf 94' lang='lat' dir='ltr'>H</span> <span class='ocrx_word' id='word_1_162' title='bbox 1269 1916 1302 1981; x_wconf 83' lang='lat' dir='ltr'><strong>G</strong></span> <span class='ocrx_word' id='word_1_163' title='bbox 1318 1923 1428 2003; x_wconf 91' lang='lat' dir='ltr'><strong>proxi-</strong></span> 
     </span>
     <span class='ocr_line' id='line_1_15' title="bbox 121 2023 1427 2115; baseline 0.006 -29"><span class='ocrx_word' id='word_1_164' title='bbox 121 2044 179 2087; x_wconf 91' lang='lat' dir='ltr'><strong>mo</strong></span> <span class='ocrx_word' id='word_1_165' title='bbox 189 2024 245 2089; x_wconf 87' lang='lat' dir='ltr'><strong>iilo</strong></span> <span class='ocrx_word' id='word_1_166' title='bbox 257 2025 384 2091; x_wconf 89' lang='lat' dir='ltr'><strong>alterius</strong></span> <span class='ocrx_word' id='word_1_167' title='bbox 396 2038 559 2114; x_wconf 82' lang='lat' dir='ltr'><strong>congruat,</strong></span> <span class='ocrx_word' id='word_1_168' title='bbox 572 2026 630 2103; x_wconf 91' lang='lat' dir='ltr'><strong>vel,</strong></span> <span class='ocrx_word' id='word_1_169' title='bbox 644 2024 730 2113; x_wconf 89' lang='lat' dir='ltr'><strong>quod</strong></span> <span class='ocrx_word' id='word_1_170' title='bbox 745 2025 829 2089; x_wconf 91' lang='lat' dir='ltr'><strong>idem</strong></span> <span class='ocrx_word' id='word_1_171' title='bbox 840 2037 897 2101; x_wconf 77' lang='lat' dir='ltr'><strong>est,</strong></span> <span class='ocrx_word' id='word_1_172' title='bbox 910 2038 1075 2115; x_wconf 83' lang='lat' dir='ltr'><strong>mqveatur.</strong></span> <span class='ocrx_word' id='word_1_173' title='bbox 1084 2023 1239 2109; x_wconf 82' lang='lat' dir='ltr'><strong>quadrum</strong></span> <span class='ocrx_word' id='word_1_174' title='bbox 1252 2026 1281 2089; x_wconf 82' lang='grc' dir='ltr'>Ε</span> <span class='ocrx_word' id='word_1_175' title='bbox 1294 2026 1321 2090; x_wconf 87' lang='lat' dir='ltr'>F</span> <span class='ocrx_word' id='word_1_176' title='bbox 1333 2030 1373 2094; x_wconf 88' lang='lat' dir='ltr'><strong>H</strong></span> <span class='ocrx_word' id='word_1_177' title='bbox 1384 2030 1427 2113; x_wconf 89' lang='lat' dir='ltr'><strong>G,</strong></span> 
     </span>
     <span class='ocr_line' id='line_1_16' title="bbox 120 2132 1428 2221; baseline 0.005 -25"><span class='ocrx_word' id='word_1_178' title='bbox 120 2154 182 2219; x_wconf 91' lang='lat' dir='ltr'><strong>per</strong></span> <span class='ocrx_word' id='word_1_179' title='bbox 197 2135 334 2219; x_wconf 89' lang='lat' dir='ltr'><strong>spatium</strong></span> <span class='ocrx_word' id='word_1_180' title='bbox 350 2146 485 2221; x_wconf 90' lang='lat' dir='ltr'><strong>quatuor</strong></span> <span class='ocrx_word' id='word_1_181' title='bbox 499 2135 662 2213; x_wconf 87' lang='lat' dir='ltr'><strong>linearum,</strong></span> <span class='ocrx_word' id='word_1_182' title='bbox 679 2145 947 2220; x_wconf 86' lang='lat' dir='ltr'><strong>numerenturqua</strong></span> <span class='ocrx_word' id='word_1_183' title='bbox 968 2132 1178 2199; x_wconf 81' lang='lat' dir='ltr'><strong>revolutiones</strong></span> <span class='ocrx_word' id='word_1_184' title='bbox 1193 2135 1380 2220; x_wconf 84' lang='lat' dir='ltr'><strong>receptaculi</strong></span> <span class='ocrx_word' id='word_1_185' title='bbox 1395 2149 1428 2202; x_wconf 90' lang='lat' dir='ltr'><strong>et</strong></span> 
     </span>
     <span class='ocr_line' id='line_1_17' title="bbox 120 2237 1427 2328; baseline 0.003 -23"><span class='ocrx_word' id='word_1_186' title='bbox 120 2252 230 2325; x_wconf 83' lang='lat' dir='ltr'><strong>partes</strong></span> <span class='ocrx_word' id='word_1_187' title='bbox 254 2242 347 2305; x_wconf 88' lang='lat' dir='ltr'><strong>unius</strong></span> <span class='ocrx_word' id='word_1_188' title='bbox 370 2242 575 2307; x_wconf 88' lang='lat' dir='ltr'><strong>revolutionis</strong></span> <span class='ocrx_word' id='word_1_189' title='bbox 598 2264 669 2328; x_wconf 80' lang='lat' dir='ltr'><strong>quae</strong></span> <span class='ocrx_word' id='word_1_190' title='bbox 691 2242 818 2307; x_wconf 86' lang='lat' dir='ltr'><strong>filorum</strong></span> <span class='ocrx_word' id='word_1_191' title='bbox 839 2238 1006 2306; x_wconf 90' lang='lat' dir='ltr'><strong>intervallo</strong></span> <span class='ocrx_word' id='word_1_192' title='bbox 1027 2237 1179 2305; x_wconf 88' lang='lat' dir='ltr'><strong>linearum</strong></span> <span class='ocrx_word' id='word_1_193' title='bbox 1195 2258 1330 2328; x_wconf 88' lang='lat' dir='ltr'><strong>quatuor</strong></span> <span class='ocrx_word' id='word_1_194' title='bbox 1350 2241 1427 2309; x_wconf 88' lang='lat' dir='ltr'><strong>con·</strong></span> 
     </span>
     <span class='ocr_line' id='line_1_18' title="bbox 120 2350 1427 2437; baseline 0.002 -22"><span class='ocrx_word' id='word_1_195' title='bbox 120 2352 265 2417; x_wconf 81' lang='lat' dir='ltr'><strong>veniunt.</strong></span> <span class='ocrx_word' id='word_1_196' title='bbox 313 2354 480 2418; x_wconf 88' lang='lat' dir='ltr'><strong>Condatur</strong></span> <span class='ocrx_word' id='word_1_197' title='bbox 501 2352 630 2417; x_wconf 86' lang='lat' dir='ltr'><strong>tandem</strong></span> <span class='ocrx_word' id='word_1_198' title='bbox 651 2350 759 2417; x_wconf 88' lang='lat' dir='ltr'><strong>tabula</strong></span> <span class='ocrx_word' id='word_1_199' title='bbox 780 2350 1013 2415; x_wconf 87' lang='lat' dir='ltr'><strong>revolutionum</strong></span> <span class='ocrx_word' id='word_1_200' title='bbox 1035 2350 1223 2435; x_wconf 86' lang='lat' dir='ltr'><strong>receptaculi</strong></span> <span class='ocrx_word' id='word_1_201' title='bbox 1244 2364 1276 2415; x_wconf 87' lang='lat' dir='ltr'><strong>et</strong></span> <span class='ocrx_word' id='word_1_202' title='bbox 1289 2352 1427 2437; x_wconf 89' lang='lat' dir='ltr'><strong>partium</strong></span> 
     </span>
     <span class='ocr_line' id='line_1_19' title="bbox 120 2454 1427 2549; baseline 0.003 -27"><span class='ocrx_word' id='word_1_203' title='bbox 120 2460 191 2543; x_wconf 87' lang='lat' dir='ltr'><strong>ejus</strong></span> <span class='ocrx_word' id='word_1_204' title='bbox 214 2482 287 2547; x_wconf 84' lang='lat' dir='ltr'><strong>quae</strong></span> <span class='ocrx_word' id='word_1_205' title='bbox 309 2461 442 2549; x_wconf 85' lang='lat' dir='ltr'><strong>singulis</strong></span> <span class='ocrx_word' id='word_1_206' title='bbox 463 2460 592 2525; x_wconf 89' lang='lat' dir='ltr'><strong>minutis</strong></span> <span class='ocrx_word' id='word_1_207' title='bbox 607 2458 718 2545; x_wconf 88' lang='lat' dir='ltr'><strong>primis</strong></span> <span class='ocrx_word' id='word_1_208' title='bbox 733 2471 765 2523; x_wconf 90' lang='lat' dir='ltr'><strong>et</strong></span> <span class='ocrx_word' id='word_1_209' title='bbox 780 2456 927 2523; x_wconf 87' lang='lat' dir='ltr'><strong>secundis</strong></span> <span class='ocrx_word' id='word_1_210' title='bbox 942 2478 983 2521; x_wconf 91' lang='lat' dir='ltr'><strong>ex</strong></span> <span class='ocrx_word' id='word_1_211' title='bbox 998 2470 1075 2522; x_wconf 91' lang='lat' dir='ltr'><strong>noto</strong></span> <span class='ocrx_word' id='word_1_212' title='bbox 1089 2454 1233 2542; x_wconf 83' lang='lat' dir='ltr'><strong>superbis</strong></span> <span class='ocrx_word' id='word_1_213' title='bbox 1246 2470 1316 2524; x_wconf 77' lang='lat' dir='ltr'><strong>totu</strong></span> <span class='ocrx_word' id='word_1_214' title='bbox 1329 2458 1427 2526; x_wconf 88' lang='lat' dir='ltr'><strong>inter·</strong></span> 
     </span>
     <span class='ocr_line' id='line_1_20' title="bbox 119 2566 389 2635; baseline 0.007 -6"><span class='ocrx_word' id='word_1_215' title='bbox 119 2566 208 2630; x_wconf 86' lang='lat' dir='ltr'><strong>vallo</strong></span> <span class='ocrx_word' id='word_1_216' title='bbox 223 2566 389 2635; x_wconf 87' lang='lat' dir='ltr'><strong>debentur.</strong></span> 
     </span>
    </p>

    <p class='ocr_par' dir='ltr' id='par_1_3' title="bbox 115 2670 1527 3391">
     <span class='ocr_line' id='line_1_21' title="bbox 168 2670 1424 2762; baseline 0.001 -23"><span class='ocrx_word' id='word_1_217' title='bbox 168 2684 221 2739; x_wconf 81' lang='lat'><strong>88.</strong></span> <span class='ocrx_word' id='word_1_218' title='bbox 246 2675 314 2740; x_wconf 90' lang='lat' dir='ltr'><strong>Ubi</strong></span> <span class='ocrx_word' id='word_1_219' title='bbox 334 2676 487 2741; x_wconf 88' lang='lat' dir='ltr'><strong>diameter</strong></span> <span class='ocrx_word' id='word_1_220' title='bbox 508 2670 706 2762; x_wconf 86' lang='lat' dir='ltr'><strong>planetarum</strong></span> <span class='ocrx_word' id='word_1_221' title='bbox 728 2672 787 2741; x_wconf 89' lang='lat' dir='ltr'><strong>erit</strong></span> <span class='ocrx_word' id='word_1_222' title='bbox 808 2676 1016 2754; x_wconf 89' lang='lat' dir='ltr'><strong>observanda,</strong></span> <span class='ocrx_word' id='word_1_223' title='bbox 1030 2674 1154 2740; x_wconf 87' lang='lat' dir='ltr'><strong>directo</strong></span> <span class='ocrx_word' id='word_1_224' title='bbox 1167 2674 1338 2760; x_wconf 86' lang='lat' dir='ltr'><strong>telescopio</strong></span> <span class='ocrx_word' id='word_1_225' title='bbox 1352 2692 1424 2740; x_wconf 88' lang='lat' dir='ltr'><strong>cum</strong></span> 
     </span>
     <span class='ocr_line' id='line_1_22' title="bbox 115 2762 1527 2870; baseline 0.001 -22"><span class='ocrx_word' id='word_1_226' title='bbox 115 2780 326 2849; x_wconf 79' lang='lat' dir='ltr'><strong>nricrometro</strong></span> <span class='ocrx_word' id='word_1_227' title='bbox 350 2784 393 2849; x_wconf 87' lang='lat' dir='ltr'><strong>ad</strong></span> <span class='ocrx_word' id='word_1_228' title='bbox 416 2785 576 2870; x_wconf 91' lang='lat' dir='ltr'><strong>planetam</strong></span> <span class='ocrx_word' id='word_1_229' title='bbox 602 2782 646 2849; x_wconf 81' lang='lat' dir='ltr'><strong>iat</strong></span> <span class='ocrx_word' id='word_1_230' title='bbox 667 2784 875 2869; x_wconf 88' lang='lat' dir='ltr'><strong>disponantur</strong></span> <span class='ocrx_word' id='word_1_231' title='bbox 895 2784 951 2848; x_wconf 84' lang='lat' dir='ltr'><strong>fila</strong></span> <span class='ocrx_word' id='word_1_232' title='bbox 975 2782 1134 2847; x_wconf 89' lang='lat' dir='ltr'><strong>movendo</strong></span> <span class='ocrx_word' id='word_1_233' title='bbox 1158 2782 1363 2867; x_wconf 84' lang='lat' dir='ltr'><strong>telescopium</strong></span> <span class='ocrx_word' id='word_1_234' title='bbox 1388 2795 1427 2849; x_wconf 92' lang='lat' dir='ltr'><strong>ut</strong></span> <span class='ocrx_word' id='word_1_235' title='bbox 1521 2762 1527 2773; x_wconf 47' lang='lat'>⁸</span> 
     </span>
     <span class='ocr_line' id='line_1_23' title="bbox 120 2890 1426 2978; baseline 0.001 -23"><span class='ocrx_word' id='word_1_236' title='bbox 120 2890 236 2957; x_wconf 89' lang='lat' dir='ltr'><strong>sideris</strong></span> <span class='ocrx_word' id='word_1_237' title='bbox 258 2892 375 2959; x_wconf 88' lang='lat' dir='ltr'><strong>limbus</strong></span> <span class='ocrx_word' id='word_1_238' title='bbox 401 2914 501 2959; x_wconf 87' lang='lat' dir='ltr'><strong>unum</strong></span> <span class='ocrx_word' id='word_1_239' title='bbox 526 2916 567 2959; x_wconf 91' lang='lat' dir='ltr'><strong>ex</strong></span> <span class='ocrx_word' id='word_1_240' title='bbox 588 2893 650 2958; x_wconf 88' lang='lat' dir='ltr'><strong>filis</strong></span> <span class='ocrx_word' id='word_1_241' title='bbox 676 2892 833 2978; x_wconf 87' lang='lat' dir='ltr'><strong>parallelis</strong></span> <span class='ocrx_word' id='word_1_242' title='bbox 855 2892 1069 2956; x_wconf 85' lang='lat' dir='ltr'><strong>immobilibus</strong></span> <span class='ocrx_word' id='word_1_243' title='bbox 1093 2906 1277 2977; x_wconf 80' lang='lat' dir='ltr'><strong>percurrut3</strong></span> <span class='ocrx_word' id='word_1_244' title='bbox 1309 2890 1426 2957; x_wconf 72' lang='lat' dir='ltr'><strong>deinde·</strong></span> 
     </span>
     <span class='ocr_line' id='line_1_24' title="bbox 118 2998 1424 3085; baseline 0 -20"><span class='ocrx_word' id='word_1_245' title='bbox 118 3002 355 3085; x_wconf 81' lang='lat' dir='ltr'><strong>receptaculum</strong></span> <span class='ocrx_word' id='word_1_246' title='bbox 378 3014 587 3078; x_wconf 84' lang='lat' dir='ltr'><strong>convertatur,</strong></span> <span class='ocrx_word' id='word_1_247' title='bbox 611 3000 713 3064; x_wconf 92' lang='lat' dir='ltr'><strong>donec</strong></span> <span class='ocrx_word' id='word_1_248' title='bbox 734 2998 824 3064; x_wconf 85' lang='lat' dir='ltr'><strong>filum</strong></span> <span class='ocrx_word' id='word_1_249' title='bbox 846 2999 963 3063; x_wconf 88' lang='lat' dir='ltr'><strong>mobile</strong></span> <span class='ocrx_word' id='word_1_250' title='bbox 982 2998 1113 3062; x_wconf 89' lang='lat' dir='ltr'><strong>limbum</strong></span> <span class='ocrx_word' id='word_1_251' title='bbox 1128 2998 1261 3063; x_wconf 82' lang='lat' dir='ltr'><strong>altemna</strong></span> <span class='ocrx_word' id='word_1_252' title='bbox 1287 2999 1424 3084; x_wconf 77' lang='lat' dir='ltr'><strong>planetae</strong></span> 
     </span>
     <span class='ocr_line' id='line_1_25' title="bbox 118 3104 1424 3195; baseline 0.002 -24"><span class='ocrx_word' id='word_1_253' title='bbox 118 3108 295 3195; x_wconf 79' lang='lat' dir='ltr'><strong>contingat</strong></span> <span class='ocrx_word' id='word_1_254' title='bbox 356 3106 561 3173; x_wconf 80' lang='lat' dir='ltr'><strong>Manifestum</strong></span> <span class='ocrx_word' id='word_1_255' title='bbox 588 3120 635 3171; x_wconf 88' lang='lat' dir='ltr'><strong>est</strong></span> <span class='ocrx_word' id='word_1_256' title='bbox 661 3128 701 3170; x_wconf 90' lang='lat' dir='ltr'><strong>ex</strong></span> <span class='ocrx_word' id='word_1_257' title='bbox 723 3104 871 3171; x_wconf 76' lang='lat' dir='ltr'><strong>distantiis</strong></span> <span class='ocrx_word' id='word_1_258' title='bbox 893 3106 1019 3195; x_wconf 78' lang='lat' dir='ltr'><strong>cogniti</strong></span> <span class='ocrx_word' id='word_1_259' title='bbox 1043 3106 1126 3170; x_wconf 87' lang='lat' dir='ltr'><strong>inter</strong></span> <span class='ocrx_word' id='word_1_260' title='bbox 1153 3106 1206 3170; x_wconf 87' lang='lat' dir='ltr'><strong>iila</strong></span> <span class='ocrx_word' id='word_1_261' title='bbox 1233 3106 1424 3173; x_wconf 86' lang='lat' dir='ltr'><strong>micrometri</strong></span> 
     </span>
     <span class='ocr_line' id='line_1_26' title="bbox 118 3212 1423 3302; baseline 0.002 -23"><span class='ocrx_word' id='word_1_262' title='bbox 118 3238 194 3302; x_wconf 85' lang='lat' dir='ltr'><strong>quae</strong></span> <span class='ocrx_word' id='word_1_263' title='bbox 219 3216 378 3301; x_wconf 82' lang='lat' dir='ltr'><strong>planetam</strong></span> <span class='ocrx_word' id='word_1_264' title='bbox 404 3213 685 3300; x_wconf 86' lang='lat' dir='ltr'><strong>comprehendunt,</strong></span> <span class='ocrx_word' id='word_1_265' title='bbox 716 3225 824 3277; x_wconf 87' lang='lat' dir='ltr'><strong>notam</strong></span> <span class='ocrx_word' id='word_1_266' title='bbox 847 3212 916 3276; x_wconf 89' lang='lat' dir='ltr'><strong>fieri</strong></span> <span class='ocrx_word' id='word_1_267' title='bbox 948 3212 1085 3298; x_wconf 75' lang='lat' dir='ltr'><strong>planetus</strong></span> <span class='ocrx_word' id='word_1_268' title='bbox 1110 3212 1298 3278; x_wconf 86' lang='lat' dir='ltr'><strong>diametrum</strong></span> <span class='ocrx_word' id='word_1_269' title='bbox 1324 3237 1423 3301; x_wconf 89' lang='lat' dir='ltr'><strong>appa·</strong></span> 
     </span>
     <span class='ocr_line' id='line_1_27' title="bbox 119 3336 255 3391; baseline 0.022 -3"><span class='ocrx_word' id='word_1_270' title='bbox 119 3336 255 3391; x_wconf 89' lang='lat' dir='ltr'><strong>rentem.</strong></span> 
     </span>
    </p>

    <p class='ocr_par' dir='ltr' id='par_1_4' title="bbox 104 3432 1425 4712">
     <span class='ocr_line' id='line_1_28' title="bbox 169 3432 1424 3519; baseline 0.002 -22"><span class='ocrx_word' id='word_1_271' title='bbox 169 3440 222 3498; x_wconf 82' lang='grc'><strong>89.</strong></span> <span class='ocrx_word' id='word_1_272' title='bbox 245 3432 332 3499; x_wconf 69' lang='lat' dir='ltr'><strong>Datis</strong></span> <span class='ocrx_word' id='word_1_273' title='bbox 355 3432 564 3499; x_wconf 88' lang='lat' dir='ltr'><strong>declinatione</strong></span> <span class='ocrx_word' id='word_1_274' title='bbox 587 3445 619 3499; x_wconf 89' lang='lat' dir='ltr'><strong>et</strong></span> <span class='ocrx_word' id='word_1_275' title='bbox 641 3432 823 3499; x_wconf 87' lang='lat' dir='ltr'><strong>ascensione</strong></span> <span class='ocrx_word' id='word_1_276' title='bbox 844 3432 1145 3510; x_wconf 69' lang='lat' dir='ltr'><strong>recusauerim,</strong></span> <span class='ocrx_word' id='word_1_277' title='bbox 1165 3432 1298 3497; x_wconf 88' lang='lat' dir='ltr'><strong>inveniri</strong></span> <span class='ocrx_word' id='word_1_278' title='bbox 1320 3444 1424 3519; x_wconf 87' lang='lat' dir='ltr'><strong>potest</strong></span> 
     </span>
     <span class='ocr_line' id='line_1_29' title="bbox 104 3538 1423 3623; baseline 0.003 -22"><span class='ocrx_word' id='word_1_279' title='bbox 104 3538 250 3623; x_wconf 29' lang='lat' dir='ltr'><strong>‘alterius</strong></span> <span class='ocrx_word' id='word_1_280' title='bbox 274 3540 373 3605; x_wconf 81' lang='lat' dir='ltr'><strong>stellae</strong></span> <span class='ocrx_word' id='word_1_281' title='bbox 394 3540 563 3607; x_wconf 87' lang='lat' dir='ltr'><strong>declinatio</strong></span> <span class='ocrx_word' id='word_1_282' title='bbox 584 3554 616 3606; x_wconf 90' lang='lat' dir='ltr'><strong>et</strong></span> <span class='ocrx_word' id='word_1_283' title='bbox 638 3541 780 3606; x_wconf 86' lang='lat' dir='ltr'><strong>ascensio</strong></span> <span class='ocrx_word' id='word_1_284' title='bbox 802 3554 898 3620; x_wconf 87' lang='lat' dir='ltr'><strong>recta,</strong></span> <span class='ocrx_word' id='word_1_285' title='bbox 921 3540 1018 3605; x_wconf 82' lang='lat' dir='ltr'><strong>motlb</strong></span> <span class='ocrx_word' id='word_1_286' title='bbox 1033 3555 1137 3605; x_wconf 87' lang='lat' dir='ltr'><strong>tamen</strong></span> <span class='ocrx_word' id='word_1_287' title='bbox 1150 3540 1225 3605; x_wconf 78' lang='lat' dir='ltr'><strong>aluta</strong></span> <span class='ocrx_word' id='word_1_288' title='bbox 1246 3540 1311 3605; x_wconf 70' lang='lat' dir='ltr'><strong>illae</strong></span> <span class='ocrx_word' id='word_1_289' title='bbox 1324 3540 1423 3605; x_wconf 78' lang='lat' dir='ltr'><strong>stella·</strong></span> 
     </span>
     <span class='ocr_line' id='line_1_30' title="bbox 118 3648 1425 3738; baseline 0.001 -27"><span class='ocrx_word' id='word_1_290' title='bbox 118 3649 255 3714; x_wconf 85' lang='lat' dir='ltr'><strong>transire</strong></span> <span class='ocrx_word' id='word_1_291' title='bbox 271 3650 407 3716; x_wconf 80' lang='lat' dir='ltr'><strong>vicissim</strong></span> <span class='ocrx_word' id='word_1_292' title='bbox 421 3652 543 3736; x_wconf 89' lang='lat' dir='ltr'><strong>possint</strong></span> <span class='ocrx_word' id='word_1_293' title='bbox 556 3674 614 3737; x_wconf 91' lang='lat' dir='ltr'><strong>per</strong></span> <span class='ocrx_word' id='word_1_294' title='bbox 629 3672 777 3738; x_wconf 90' lang='lat' dir='ltr'><strong>campum</strong></span> <span class='ocrx_word' id='word_1_295' title='bbox 793 3650 955 3734; x_wconf 88' lang='lat' dir='ltr'><strong>telescopii</strong></span> <span class='ocrx_word' id='word_1_296' title='bbox 970 3649 1101 3714; x_wconf 89' lang='lat' dir='ltr'><strong>immoti.</strong></span> <span class='ocrx_word' id='word_1_297' title='bbox 1152 3648 1202 3713; x_wconf 80' lang='lat' dir='ltr'><strong>lat</strong></span> <span class='ocrx_word' id='word_1_298' title='bbox 1217 3650 1300 3714; x_wconf 81' lang='lat' dir='ltr'><strong>eninr</strong></span> <span class='ocrx_word' id='word_1_299' title='bbox 1315 3650 1425 3734; x_wconf 82' lang='lat' dir='ltr'><strong>‹lispo-</strong></span> 
     </span>
     <span class='ocr_line' id='line_1_31' title="bbox 118 3756 1420 3844; baseline 0.004 -27"><span class='ocrx_word' id='word_1_300' title='bbox 118 3768 237 3823; x_wconf 88' lang='lat' dir='ltr'><strong>uantur</strong></span> <span class='ocrx_word' id='word_1_301' title='bbox 258 3756 314 3821; x_wconf 89' lang='lat' dir='ltr'><strong>fila</strong></span> <span class='ocrx_word' id='word_1_302' title='bbox 334 3756 485 3843; x_wconf 88' lang='lat' dir='ltr'><strong>parallela</strong></span> <span class='ocrx_word' id='word_1_303' title='bbox 507 3758 700 3823; x_wconf 91' lang='lat' dir='ltr'><strong>micrometri</strong></span> <span class='ocrx_word' id='word_1_304' title='bbox 727 3772 763 3823; x_wconf 93' lang='lat' dir='ltr'><strong>ut</strong></span> <span class='ocrx_word' id='word_1_305' title='bbox 788 3770 893 3821; x_wconf 91' lang='lat' dir='ltr'><strong>motus</strong></span> <span class='ocrx_word' id='word_1_306' title='bbox 918 3756 1051 3822; x_wconf 85' lang='lat' dir='ltr'><strong>diurnus</strong></span> <span class='ocrx_word' id='word_1_307' title='bbox 1073 3756 1172 3822; x_wconf 72' lang='lat' dir='ltr'><strong>stellas</strong></span> <span class='ocrx_word' id='word_1_308' title='bbox 1196 3780 1268 3844; x_wconf 66' lang='lat' dir='ltr'><strong>quae</strong></span> <span class='ocrx_word' id='word_1_309' title='bbox 1289 3758 1420 3822; x_wconf 88' lang='lat' dir='ltr'><strong>alteram</strong></span> 
     </span>
     <span class='ocr_line' id='line_1_32' title="bbox 118 3866 1422 3954; baseline 0 -24"><span class='ocrx_word' id='word_1_310' title='bbox 118 3866 274 3949; x_wconf 80' lang='lat' dir='ltr'><strong>praecedit</strong></span> <span class='ocrx_word' id='word_1_311' title='bbox 289 3866 344 3932; x_wconf 83' lang='lat' dir='ltr'><strong>fiat</strong></span> <span class='ocrx_word' id='word_1_312' title='bbox 359 3878 454 3953; x_wconf 83' lang='lat' dir='ltr'><strong>supe‘r</strong></span> <span class='ocrx_word' id='word_1_313' title='bbox 469 3890 569 3933; x_wconf 92' lang='lat' dir='ltr'><strong>unum</strong></span> <span class='ocrx_word' id='word_1_314' title='bbox 583 3888 624 3932; x_wconf 89' lang='lat' dir='ltr'><strong>ex</strong></span> <span class='ocrx_word' id='word_1_315' title='bbox 640 3866 701 3931; x_wconf 89' lang='lat' dir='ltr'><strong>illis</strong></span> <span class='ocrx_word' id='word_1_316' title='bbox 721 3866 807 3933; x_wconf 79' lang='lat' dir='ltr'><strong>EG.</strong></span> <span class='ocrx_word' id='word_1_317' title='bbox 855 3867 958 3951; x_wconf 89' lang='lat' dir='ltr'><strong>Super</strong></span> <span class='ocrx_word' id='word_1_318' title='bbox 972 3867 1034 3946; x_wconf 89' lang='lat' dir='ltr'><strong>ab,</strong></span> <span class='ocrx_word' id='word_1_319' title='bbox 1051 3866 1084 3931; x_wconf 90' lang='lat' dir='ltr'><strong>iu</strong></span> <span class='ocrx_word' id='word_1_320' title='bbox 1099 3890 1163 3954; x_wconf 91' lang='lat' dir='ltr'><strong>quo</strong></span> <span class='ocrx_word' id='word_1_321' title='bbox 1178 3868 1239 3933; x_wconf 89' lang='lat' dir='ltr'><strong>situ</strong></span> <span class='ocrx_word' id='word_1_322' title='bbox 1256 3866 1344 3930; x_wconf 85' lang='lat' dir='ltr'><strong>filum</strong></span> <span class='ocrx_word' id='word_1_323' title='bbox 1360 3866 1422 3945; x_wconf 91' lang='lat' dir='ltr'><strong>cd,</strong></span> 
     </span>
     <span class='ocr_line' id='line_1_33' title="bbox 118 3972 1423 4063; baseline 0.003 -26"><span class='ocrx_word' id='word_1_324' title='bbox 118 3986 261 4057; x_wconf 89' lang='lat' dir='ltr'><strong>exponet</strong></span> <span class='ocrx_word' id='word_1_325' title='bbox 274 3974 453 4059; x_wconf 89' lang='lat' dir='ltr'><strong>portionem</strong></span> <span class='ocrx_word' id='word_1_326' title='bbox 475 3974 623 4063; x_wconf 81' lang='lat' dir='ltr'><strong>exiguam</strong></span> <span class='ocrx_word' id='word_1_327' title='bbox 645 3972 787 4059; x_wconf 89' lang='lat' dir='ltr'><strong>paralleli</strong></span> <span class='ocrx_word' id='word_1_328' title='bbox 801 3995 896 4059; x_wconf 91' lang='lat' dir='ltr'><strong>quem</strong></span> <span class='ocrx_word' id='word_1_329' title='bbox 910 3972 1000 4038; x_wconf 88' lang='lat' dir='ltr'><strong>stella</strong></span> <span class='ocrx_word' id='word_1_330' title='bbox 1015 3974 1174 4053; x_wconf 88' lang='lat' dir='ltr'><strong>describit,</strong></span> <span class='ocrx_word' id='word_1_331' title='bbox 1190 3988 1222 4037; x_wconf 89' lang='lat' dir='ltr'><strong>et</strong></span> <span class='ocrx_word' id='word_1_332' title='bbox 1237 3972 1324 4037; x_wconf 84' lang='lat' dir='ltr'><strong>filum</strong></span> <span class='ocrx_word' id='word_1_333' title='bbox 1343 3973 1376 4039; x_wconf 86' lang='lat' dir='ltr'>K</span> <span class='ocrx_word' id='word_1_334' title='bbox 1393 3974 1423 4041; x_wconf 88' lang='lat' dir='ltr'>L</span> 
     </span>
     <span class='ocr_line' id='line_1_34' title="bbox 116 4079 1424 4171; baseline 0.002 -26"><span class='ocrx_word' id='word_1_335' title='bbox 116 4082 201 4146; x_wconf 87' lang='lat' dir='ltr'><strong>illud</strong></span> <span class='ocrx_word' id='word_1_336' title='bbox 231 4082 273 4147; x_wconf 90' lang='lat' dir='ltr'><strong>ad</strong></span> <span class='ocrx_word' id='word_1_337' title='bbox 302 4082 435 4171; x_wconf 87' lang='lat' dir='ltr'><strong>angulos</strong></span> <span class='ocrx_word' id='word_1_338' title='bbox 471 4094 574 4149; x_wconf 91' lang='lat' dir='ltr'><strong>rectos</strong></span> <span class='ocrx_word' id='word_1_339' title='bbox 603 4080 805 4161; x_wconf 76' lang='lat' dir='ltr'><strong>intersecans,</strong></span> <span class='ocrx_word' id='word_1_340' title='bbox 842 4082 997 4146; x_wconf 87' lang='lat' dir='ltr'><strong>circulum</strong></span> <span class='ocrx_word' id='word_1_341' title='bbox 1029 4079 1165 4168; x_wconf 87' lang='lat' dir='ltr'><strong>aliquem</strong></span> <span class='ocrx_word' id='word_1_342' title='bbox 1195 4080 1424 4148; x_wconf 81' lang='lat' dir='ltr'><strong>declinationis.</strong></span> 
     </span>
     <span class='ocr_line' id='line_1_35' title="bbox 118 4185 1424 4276; baseline -0.001 -20"><span class='ocrx_word' id='word_1_343' title='bbox 118 4191 262 4256; x_wconf 84' lang='lat' dir='ltr'><strong>Notetur</strong></span> <span class='ocrx_word' id='word_1_344' title='bbox 298 4190 449 4276; x_wconf 86' lang='lat' dir='ltr'><strong>temporis</strong></span> <span class='ocrx_word' id='word_1_345' title='bbox 485 4201 681 4254; x_wconf 88' lang='lat' dir='ltr'><strong>momentum</strong></span> <span class='ocrx_word' id='word_1_346' title='bbox 711 4204 774 4276; x_wconf 90' lang='lat' dir='ltr'><strong>quo</strong></span> <span class='ocrx_word' id='word_1_347' title='bbox 804 4186 895 4253; x_wconf 90' lang='lat' dir='ltr'><strong>stella</strong></span> <span class='ocrx_word' id='word_1_348' title='bbox 923 4188 1105 4274; x_wconf 81' lang='lat' dir='ltr'><strong>praecedens</strong></span> <span class='ocrx_word' id='word_1_349' title='bbox 1137 4186 1194 4253; x_wconf 83' lang='lat' dir='ltr'><strong>filo</strong></span> <span class='ocrx_word' id='word_1_350' title='bbox 1223 4185 1424 4257; x_wconf 87' lang='lat' dir='ltr'><strong>transversali</strong></span> 
     </span>
     <span class='ocr_line' id='line_1_36' title="bbox 117 4294 1423 4382; baseline 0 -18"><span class='ocrx_word' id='word_1_351' title='bbox 117 4300 261 4364; x_wconf 90' lang='lat' dir='ltr'><strong>occurrit</strong></span> <span class='ocrx_word' id='word_1_352' title='bbox 281 4299 315 4362; x_wconf 94' lang='lat' dir='ltr'><strong>in</strong></span> <span class='ocrx_word' id='word_1_353' title='bbox 337 4316 379 4363; x_wconf 90' lang='lat' dir='ltr'><strong>m.</strong></span> <span class='ocrx_word' id='word_1_354' title='bbox 427 4296 577 4363; x_wconf 86' lang='lat' dir='ltr'><strong>Similiter</strong></span> <span class='ocrx_word' id='word_1_355' title='bbox 598 4297 730 4361; x_wconf 92' lang='lat' dir='ltr'><strong>immoto</strong></span> <span class='ocrx_word' id='word_1_356' title='bbox 750 4294 921 4381; x_wconf 89' lang='lat' dir='ltr'><strong>telescopio</strong></span> <span class='ocrx_word' id='word_1_357' title='bbox 936 4296 1119 4359; x_wconf 90' lang='lat' dir='ltr'><strong>observetur</strong></span> <span class='ocrx_word' id='word_1_358' title='bbox 1133 4308 1257 4382; x_wconf 89' lang='lat' dir='ltr'><strong>tempus</strong></span> <span class='ocrx_word' id='word_1_359' title='bbox 1273 4296 1423 4382; x_wconf 86' lang='lat' dir='ltr'><strong>appulsirs</strong></span> 
     </span>
     <span class='ocr_line' id='line_1_37' title="bbox 117 4402 1425 4495; baseline -0.001 -21"><span class='ocrx_word' id='word_1_360' title='bbox 117 4408 250 4474; x_wconf 86' lang='lat' dir='ltr'><strong>alterius</strong></span> <span class='ocrx_word' id='word_1_361' title='bbox 276 4430 331 4472; x_wconf 91' lang='lat' dir='ltr'><strong>seu</strong></span> <span class='ocrx_word' id='word_1_362' title='bbox 356 4408 513 4495; x_wconf 87' lang='lat' dir='ltr'><strong>sequentis</strong></span> <span class='ocrx_word' id='word_1_363' title='bbox 537 4407 648 4471; x_wconf 91' lang='lat' dir='ltr'><strong>sideris</strong></span> <span class='ocrx_word' id='word_1_364' title='bbox 675 4402 716 4471; x_wconf 90' lang='lat' dir='ltr'><strong>ad</strong></span> <span class='ocrx_word' id='word_1_365' title='bbox 738 4406 823 4471; x_wconf 88' lang='lat' dir='ltr'><strong>idem</strong></span> <span class='ocrx_word' id='word_1_366' title='bbox 845 4406 935 4471; x_wconf 86' lang='lat' dir='ltr'><strong>filum</strong></span> <span class='ocrx_word' id='word_1_367' title='bbox 957 4406 1163 4473; x_wconf 87' lang='lat' dir='ltr'><strong>transversale</strong></span> <span class='ocrx_word' id='word_1_368' title='bbox 1189 4430 1244 4473; x_wconf 84' lang='lat' dir='ltr'><strong>seu</strong></span> <span class='ocrx_word' id='word_1_369' title='bbox 1270 4409 1425 4474; x_wconf 88' lang='lat' dir='ltr'><strong>circulum</strong></span> 
     </span>
     <span class='ocr_line' id='line_1_38' title="bbox 117 4513 1424 4605; baseline -0.004 -22"><span class='ocrx_word' id='word_1_370' title='bbox 117 4516 351 4593; x_wconf 86' lang='lat' dir='ltr'><strong>declinationis,</strong></span> <span class='ocrx_word' id='word_1_371' title='bbox 380 4529 413 4581; x_wconf 91' lang='lat' dir='ltr'><strong>et</strong></span> <span class='ocrx_word' id='word_1_372' title='bbox 437 4518 466 4583; x_wconf 87' lang='lat' dir='ltr'><strong>si</strong></span> <span class='ocrx_word' id='word_1_373' title='bbox 492 4514 612 4580; x_wconf 82' lang='lat' dir='ltr'><strong>intereit</strong></span> <span class='ocrx_word' id='word_1_374' title='bbox 637 4514 726 4579; x_wconf 89' lang='lat' dir='ltr'><strong>filum</strong></span> <span class='ocrx_word' id='word_1_375' title='bbox 752 4513 937 4599; x_wconf 89' lang='lat' dir='ltr'><strong>parallelum</strong></span> <span class='ocrx_word' id='word_1_376' title='bbox 965 4513 1080 4579; x_wconf 87' lang='lat' dir='ltr'><strong>mobile</strong></span> <span class='ocrx_word' id='word_1_377' title='bbox 1106 4514 1129 4578; x_wconf 93' lang='lat' dir='ltr'>h</span> <span class='ocrx_word' id='word_1_378' title='bbox 1156 4514 1196 4594; x_wconf 83' lang='lat' dir='ltr'><strong>L,</strong></span> <span class='ocrx_word' id='word_1_379' title='bbox 1224 4515 1319 4605; x_wconf 81' lang='lat' dir='ltr'><strong>sideri</strong></span> <span class='ocrx_word' id='word_1_380' title='bbox 1351 4516 1424 4579; x_wconf 84' lang='lat' dir='ltr'><strong>lruic</strong></span> 
     </span>
     <span class='ocr_line' id='line_1_39' title="bbox 119 4620 1423 4712; baseline -0.001 -21"><span class='ocrx_word' id='word_1_381' title='bbox 119 4638 261 4712; x_wconf 69' lang='lat' dir='ltr'><strong>ametur,</strong></span> <span class='ocrx_word' id='word_1_382' title='bbox 286 4624 419 4690; x_wconf 89' lang='lat' dir='ltr'><strong>immuto</strong></span> <span class='ocrx_word' id='word_1_383' title='bbox 441 4636 589 4691; x_wconf 89' lang='lat' dir='ltr'><strong>manente</strong></span> <span class='ocrx_word' id='word_1_384' title='bbox 611 4623 811 4686; x_wconf 86' lang='lat' dir='ltr'><strong>micrometro</strong></span> <span class='ocrx_word' id='word_1_385' title='bbox 833 4643 894 4707; x_wconf 89' lang='lat' dir='ltr'><strong>ope</strong></span> <span class='ocrx_word' id='word_1_386' title='bbox 916 4620 1073 4687; x_wconf 80' lang='lat' dir='ltr'><strong>‹lisaaatioe</strong></span> <span class='ocrx_word' id='word_1_387' title='bbox 1087 4643 1120 4689; x_wconf 95' lang='lat' dir='ltr'><strong>m</strong></span> <span class='ocrx_word' id='word_1_388' title='bbox 1134 4644 1166 4704; x_wconf 87' lang='lat' dir='ltr'><strong>x,</strong></span> <span class='ocrx_word' id='word_1_389' title='bbox 1183 4622 1307 4687; x_wconf 89' lang='lat' dir='ltr'><strong>lilorum</strong></span> <span class='ocrx_word' id='word_1_390' title='bbox 1323 4646 1342 4688; x_wconf 93' lang='lat' dir='ltr'><strong>a</strong></span> <span class='ocrx_word' id='word_1_391' title='bbox 1357 4624 1379 4687; x_wconf 93' lang='lat' dir='ltr'><strong>b</strong></span> <span class='ocrx_word' id='word_1_392' title='bbox 1393 4637 1423 4691; x_wconf 89' lang='lat' dir='ltr'><strong>et</strong></span> 
     </span>
    </p>
   </div>
   <div class='ocr_carea' id='block_1_3' title="bbox 0 0 1696 5459">
    <p class='ocr_par' dir='ltr' id='par_1_5' title="bbox 0 0 1696 5459">
     <span class='ocr_line' id='line_1_40' title="bbox 0 0 1696 5459; baseline 0 2"><span class='ocrx_word' id='word_1_393' title='bbox 0 0 1696 5459; x_wconf 95' lang='lat' dir='ltr'><strong> </strong></span> 
     </span>
    </p>
   </div>
  </div>
 </body>
</html>
