3384 5459
244 421 307 475 330
492 408 757 487 INQUISITIO
782 406 987 473 PHYSICA
1008 406 1059 470 IN
1082 398 1276 473 CAUSAM

220 642 222 646 ,
242 583 457 667 depressiones
469 556 561 668 uquae
580 604 639 667 per
657 594 757 645 totum
771 604 857 645 mare
871 577 987 655 attente
1001 578 1254 643 considerentur:
1277 588 1342 663 tota
1357 578 1439 641 euim
1452 576 1523 641 baec

241 693 372 777 quaestio
385 691 553 777 pertinebit
565 692 608 755 ad
625 690 879 777 hydrostaticam.

283 806 307 882 §.
336 810 407 884 1‚14.
446 798 529 865 cum
559 801 655 887 igitur
678 799 720 864 ad
744 800 849 864 littora
882 799 1020 881 Europae
1044 820 1126 883 aqua
1150 796 1263 861 elevari
1288 806 1432 881 nequeat,
1459 793 1522 857 nisi

239 910 372 976 effluxus
386 910 426 974 ab
440 910 601 974 occidente
615 910 671 975 fiat
685 909 839 993 copiosus,
863 908 904 971 ad
923 908 1029 971 littora
1042 929 1113 993 quae
1127 904 1234 971 versds
1250 904 1442 969 occidentem
1456 926 1523 967 res-

238 1019 358 1104 piciunt
378 1041 460 1106 aqup
480 1018 596 1085 directe
617 1020 658 1083 ab
679 1006 840 1083 occidente¹
862 1016 1013 1093 adveniet,
1037 1039 1107 1102 quae
1128 1028 1232 1081 autem
1253 1017 1359 1081 littora
1373 1014 1414 1077 ed
1427 1014 1520 1077 aliam

237 1126 365 1215 plagam
385 1141 458 1192 suut
478 1128 637 1213 disposita,
658 1149 749 1213 aquae
769 1148 879 1190 cursus
901 1124 1008 1189 vernis
1031 1124 1182 1191 orientem
1196 1124 1332 1189 directus
1346 1124 1521 1187 inflectetur

191 1246 198 1270 ‘
233 1236 326 1320 juxta
344 1236 459 1314 littora,
482 1238 662 1323 priusquam
683 1235 722 1300 eb
742 1235 909 1321 pertingat,
936 1234 1064 1297 omniuo
1088 1233 1134 1298 uti
1158 1232 1310 1317 inspectio
1334 1254 1520 1317 mapparum

238 1342 372 1408 docebit.
411 1346 570 1421 Quoniam
583 1344 659 1409 verb
673 1345 733 1408 iste
747 1366 837 1431 aquae
847 1346 939 1428 juxta
952 1343 1057 1407 littora
1070 1342 1173 1407 fluxus
1188 1354 1306 1407 tantam
1320 1342 1517 1433 celeritatem,

238 1463 386 1535 quantam
406 1451 502 1516 habet
522 1452 625 1529 Luna,
648 1432 786 1536 recipeie
807 1450 924 1535 nequit,
950 1470 1076 1513 necesse
1097 1462 1153 1527 est,
1176 1461 1212 1513 ut
1231 1449 1335 1512 fluxus
1355 1448 1397 1511 ad
1415 1448 1520 1511 littora

236 1559 335 1645 magis
360 1559 401 1623 ed
425 1560 576 1623 orientem
601 1561 660 1623 sito
682 1556 801 1623 tardiiis
826 1556 1008 1621 advehatur.
1054 1556 1138 1621 Haec
1163 1541 1268 1621 autern
1286 1554 1394 1619 versds
1414 1556 1518 1619 littora

237 1665 436 1730 orientaliora
456 1666 624 1731 retardatio
644 1665 779 1730 maxime
800 1666 965 1750 perspicue
979 1673 1026 1729 est
1040 1665 1072 1727 in
1086 1666 1239 1749 portubus
1255 1666 1380 1742 Galliae,
1404 1664 1516 1751 Belgii,

238 1773 373 1875 Angliae3
391 1786 423 1838 et
437 1774 621 1851 Hiberniae3
636 1773 708 1839 clun
723 1774 806 1839 enim
820 1774 862 1837 ad
876 1773 955 1837 ostia
967 1773 1133 1837 fluviorum
1150 1774 1322 1841 Garumuae
1336 1784 1369 1835 et
1382 1768 1515 1858 Ligeris,

237 1903 309 1966 quoe
333 1880 441 1946 rersds
466 1904 616 1947 oceanum
645 1882 867 1967 amplissimum
891 1892 1009 1967 patent,
1040 1879 1451 1965 ternporerleniluuiorum
1479 1902 1517 1943 ac

235 1986 467 2051 noviluniorum
487 1990 591 2052 fluxus
606 1989 781 2079 ¹adveniunt
801 1986 879 2051 bord
901 1986 990 2051 tertii
1013 1987 1235 2071 pomeridianai,
1259 2010 1329 2073 quae
1350 1986 1517 2051 retardatio

236 2091 384 2153 naturalis
406 2093 525 2155 censeri
545 2103 657 2176 potest,
678 2113 780 2177 neque
800 2091 956 2155 littoribus
977 2092 1080 2155 adhuc
1100 2092 1243 2180 turbata3
1264 2092 1339 2155 hinc
1360 2114 1441 2177 aqua
1462 2092 1517 2155 de-

235 2218 323 2259 mum
337 2195 378 2259 ad
402 2196 507 2260 littora
531 2197 703 2261 Britanniae
724 2196 860 2261 Minoris
883 2218 919 2261 ac
942 2196 1155 2261 Normamnae‘
1169 2198 1388 2283 progreditur3
1425 2212 1517 2285 atque

235 2306 353 2369 idcirco
379 2305 428 2370 his
454 2307 487 2370 iu
511 2307 690 2394 regionibus
713 2307 818 2369 fluxus
843 2304 962 2371 tardius
989 2308 1111 2371 evenire
1136 2306 1349 2371 observantur.
1397 2308 1449 2373 Sic
1474 2307 1516 2369 ad

238 2416 370 2479 Portum
387 2416 420 2480 S.
438 2416 528 2480 Malo
542 2428 684 2501 tempore
698 2417 893 2504 syzygiamm
906 2415 1010 2499 fluxqs
1024 2414 1150 2479 demum
1171 2415 1249 2479 bord
1264 2414 1351 2479 sexti
1367 2416 1515 2501 sequitur,

236 2523 279 2589 ad
304 2524 384 2588 ostia
408 2523 483 2589 verb
500 2526 653 2611 Sequanis
675 2524 835 2610 usquead
857 2524 968 2589 horam
988 2546 1105 2587 nonam
1125 2524 1319 2589 retardatur:
1358 2538 1451 2610 atque
1474 2526 1516 2587 ita

235 2650 331 2713 porro
352 2630 521 2695 retardatio
542 2642 682 2717 augetur,
705 2630 806 2693 donec
827 2629 954 2695 tandem
967 2629 1001 2693 in
1017 2630 1111 2693 Freto
1127 2630 1250 2694 Gallico
1264 2629 1472 2716 Dtmkerquae
1486 2642 1517 2693 et

237 2741 389 2807 Ostendae
402 2740 504 2805 medii
518 2756 611 2806 nocte
631 2741 756 2806 incidat.
801 2739 853 2804 Ex
867 2740 927 2803 hac
942 2738 1015 2803 verb
1029 2740 1237 2803 retardatione
1258 2740 1424 2803 innotescit
1435 2742 1516 2809 ¹cele·

236 2851 312 2913 ritas
326 2874 425 2935 aquoe,
442 2851 503 2937 qud
513 2852 605 2936 juxta
625 2851 730 2915 littora
749 2849 958 2937 progreditur,
981 2871 1078 2935 eaque
1097 2860 1183 2915 tanta
1197 2848 1441 2931 deprehenditur
1455 2847 1515 2935 quii

235 2957 297 3019 uni
319 2957 397 3021 hori
413 2959 546 3043 spatium
561 2959 683 3023 circiter
698 2958 742 3041 (†)
758 2967 788 3023 8.
803 2957 981 3043 milliarium
997 2956 1149 3021 conficiat.
1193 2956 1340 3041 Denique
1355 2980 1434 3043 aqua
1448 2970 1515 3021 tau-

235 3073 300 3125 tam
321 3063 385 3127 fere
399 3066 482 3128 viam
496 3066 654 3130 absolvere
667 3064 761 3129 debet
782 3065 935 3150 usquead
954 3064 1140 3143 Dublinum,
1163 3074 1311 3148 quantam
1325 3060 1368 3125 ad
1387 3062 1513 3126 Fretum

236 3168 404 3249 Gallicum,
427 3194 467 3237 ex
482 3195 544 3258 quo
557 3174 660 3236 fluxus
674 3174 767 3237 etiam
786 3173 920 3238 Dublini
933 3172 1011 3235 honi
1027 3174 1149 3237 circiter
1161 3170 1291 3250 decimi:
1303 3172 1512 3255 pomeridiana
1530 3197 1546 3222 r

235 3274 394 3341 observari
408 3279 496 3343 solet.
539 3280 645 3364 Atque
659 3279 752 3343 simili
765 3278 861 3344 modo
875 3278 1043 3343 retardatio
1056 3280 1198 3343 fluxuum
1213 3278 1254 3341 ed
1267 3276 1372 3342 littora
1386 3278 1513 3341 aliarum

234 3386 398 3472 regionum
413 3386 479 3451 sine
493 3386 556 3451 ulit
571 3387 752 3451 difficultate
767 3386 915 3471 explicari
929 3387 1052 3471 poterit.

276 3497 301 3573 l.
318 3500 389 3556 115.
423 3492 520 3569 Quod
545 3506 648 3557 autem
670 3493 711 3556 ed
737 3494 939 3579 quantitatem
964 3492 1057 3557 aestts
1082 3492 1176 3555 maris
1202 3492 1241 3555 ad
1265 3491 1369 3555 littora
1394 3492 1511 3567 attinet,

233 3596 323 3661 facile
343 3598 527 3686 intelligitur
547 3612 660 3665 aestum
680 3601 774 3664 uraris
796 3600 836 3665 ad
858 3600 964 3665 littora
981 3601 1129 3684 majorem
1145 3622 1211 3664 esse
1227 3600 1350 3677 debere,
1368 3598 1461 3686 quim
1480 3600 1511 3662 iu

232 3704 337 3770 medio
361 3708 450 3770 mari.
492 3706 603 3773 Primb
624 3709 707 3773 enim
732 3732 815 3796 aqua
835 3730 907 3773 cunr
928 3710 1047 3795 impetu
1070 3708 1110 3773 ed
1133 3710 1237 3775 littora
1257 3709 1365 3787 allidit,
1389 3731 1430 3773 ex
1451 3730 1511 3794 quo

232 3814 352 3900 allapsu
367 3816 433 3881 solo
442 3818 510 3900 jam
523 3818 761 3882 intumescentia
773 3819 849 3881 oriri
864 3818 965 3882 debet.
1010 3817 1135 3882 Deinde
1150 3818 1295 3905 quoniam
1309 3840 1392 3903 aqua
1405 3816 1510 3881 erdem

233 3924 400 4002 celeritate,
426 3948 520 4011 quam
540 3926 676 3991 habebat
696 3948 825 4003 oceano,
849 3927 903 3990 ubi
926 3926 1061 3989 maxirua
1075 3938 1122 3991 est
1139 3926 1342 4010 profunditas,
1366 3924 1510 4012 progredi

233 4044 372 4108 conatur,
397 4031 438 4096 ad
458 4033 564 4096 littora
583 4033 713 4118 locaque
734 4032 850 4097 vadosa
864 4028 1061 4097 vehementer
1075 4032 1271 4119 inturgescet,
1295 4043 1417 4095 tautum
1432 4027 1511 4093 enini

231 4132 297 4197 fere
312 4158 401 4222 aquae
415 4137 456 4202 ad
477 4138 582 4203 littora
596 4138 733 4215 affertur,
756 4150 908 4223 quantum
923 4138 1076 4203 sufficeret
1090 4136 1131 4200 ad
1146 4138 1288 4222 spatium,
1311 4136 1398 4221 quod
1413 4136 1512 4199 Terra

233 4256 375 4327 occupat,
391 4246 615 4311 inundandum.
647 4246 758 4311 Tertid
772 4248 830 4311 iste
844 4270 934 4333 aquae
947 4245 1080 4339 affluxus
1095 4246 1128 4309 in
1143 4247 1261 4311 sinibus
1275 4246 1398 4309 vadosis
1413 4244 1509 4309 multd

232 4350 337 4415 adhuc
358 4356 459 4439 magis
478 4356 650 4421 increscere
661 4355 767 4434 debet,
784 4354 822 4421 ed
837 4355 923 4443 qudd
937 4378 1017 4442 equa
1030 4354 1078 4419 his
1094 4356 1127 4418 in
1141 4355 1218 4421 locis
1228 4354 1443 4441 jammultum
1457 4376 1510 4438 ap·

229 4515 857 4635 aul'sdliniffaffffiiiillsslffiiffl
887 4518 1509 4649 ditttottdrttnltttttttttt

228 4644 295 4701 ausi3
312 4646 343 4693 ab
358 4631 418 4691 ostio'
438 4645 567 4692 Garumna
584 4650 615 4693 ad
635 4648 769 4697 Dublinum
787 4650 858 4709 quin.
889 4648 1036 4709 emetiretur3
1058 4647 1122 4695 unde
1133 4654 1165 4695 80
1175 4646 1283 4696 milliaria
1296 4662 1339 4709 pro
1349 4654 1364 4695 8
1376 4646 1510 4695 milliaribus

229 4718 301 4769 genu
318 4706 410 4757 circiter
430 4709 513 4759 Italica
528 4708 637 4760 milliaria
652 4722 805 4761 numerantur
820 4712 859 4760 vit
889 4713 1010 4761 scribenda
1019 4711 1182 4776 conjectamus.
