3384 5459
418 473 607 541 FLUXUS
631 474 691 539 AC
717 473 970 541 REFLUXUS
994 472 1152 538 MARIS.
1361 479 1422 540 ata

144 597 211 712 ain
226 634 475 709 semi-diametris
488 642 609 721 Terrae,
625 654 718 729 utque
731 644 765 706 in
779 642 906 706 minutis
920 640 1064 706 secandis
1078 639 1153 705 dato
1167 650 1307 724 ternpore
1320 632 1423 724 perio·

144 794 216 859 dioo
230 806 253 870 t,
265 793 324 858 erit
337 812 460 875 semper
474 801 487 854 t
506 814 538 849 =
557 753 789 917 &325ss
804 812 845 855 ex
854 812 917 876 quo
926 786 1033 874 prodit
1041 750 1089 913 fas-⁵
1104 810 1135 847 =
1152 752 1422 912 5⁰⁶4it3‘t5064i,

142 960 245 1048 positi
266 961 385 1027 unitate
405 956 477 1024 crim
497 978 557 1045 pro
576 957 727 1045 gravitate
743 960 888 1039 nemreli,
911 956 978 1024 tim
992 979 1051 1043 pro
1064 953 1127 1021 uni
1143 954 1254 1019 Terrae
1268 956 1423 1021 emi-dia·

143 1082 255 1134 metro.
300 1067 344 1132 At
365 1068 392 1132 si
413 1078 534 1149 tempus
556 1066 667 1129 Terrae
686 1064 879 1149 periodieum
899 1090 954 1133 seu
970 1084 1070 1131 armus
1084 1063 1221 1128 sidereus
1242 1064 1276 1127 in
1296 1064 1423 1129 minutis

145 1176 290 1279 secuhdis
301 1224 486 1297 exponatur,
498 1210 624 1275 fiett:
641 1218 821 1290 81568164,
836 1225 931 1299 atque
942 1176 987 1340 Ξ
1000 1238 1032 1273 =
1048 1218 1187 1309 0,50723
1197 1209 1312 1297 pedum
1321 1212 1421 1297 positi

145 1386 390 1476 semidiametro
404 1387 514 1451 Terrae
542 1404 599 1468 per
626 1384 861 1451 observationes
883 1385 1091 1461 aestimas
1114 1390 1284 1452 19696599
1307 1384 1424 1471 pedum

147 1494 246 1558 Paris.
257 1516 323 1581 reg.
339 1494 466 1555 omnino
480 1492 525 1555 uti
541 1489 613 1554 anth
627 1490 812 1557 invenimus.

188 1610 212 1685 ς.
228 1611 280 1667 41.
305 1602 405 1667 Simili
426 1604 522 1666 modo
543 1623 584 1665 ex
606 1602 758 1686 superiori
778 1600 955 1688 aequa'tione
977 1601 1111 1667 elevatio
1131 1624 1221 1689 aquae
1236 1602 1299 1667 avi
1322 1602 1424 1667 Lunae

143 1713 278 1779 oriunda
291 1710 562 1785 determinabittm
584 1710 683 1794 positi
699 1710 783 1773 enim
796 1710 828 1773 vi
843 1710 944 1775 Lunae
958 1708 1100 1775 absoluti
1122 1735 1153 1769 =
1175 1710 1215 1787 L,
1238 1710 1314 1794 poni
1328 1730 1423 1795 opor·

144 1836 191 1888 tet
213 1822 289 1887 S:
311 1820 352 1899 L,
373 1822 501 1906 ejusque
521 1820 608 1883 valor
627 1817 770 1901 proxime
784 1818 842 1882 erit
861 1842 893 1878 =
913 1822 962 1899 ἡ,
987 1841 1080 1905 quem
1103 1840 1122 1881 a
1144 1816 1298 1882 Newtono
1319 1840 1424 1902 reper-

143 1942 214 1995 tum
233 1928 382 2012 tantisper
401 1928 612 2003 retinebimus,
634 1926 737 2013 quoad
750 1948 841 1990 verus
855 1926 943 1991 valor
961 1949 1019 2012 per
1033 1926 1094 1993 alia
1108 1927 1319 2013 phaenomena
1333 1949 1426 1991 eccu-

145 2036 243 2103 ratids
265 2038 442 2103 definiatur.
488 2036 645 2113 Quoniam
667 2034 772 2121 itaque
793 2033 896 2100 Lunae
921 2058 941 2099 a
966 2034 1066 2100 Terris
1092 2032 1256 2101 mediocris
1281 2032 1427 2100 distantia

145 2195 195 2250 est
213 2209 245 2245 =
261 2187 323 2267 sot
340 2183 525 2249 semidam
542 2182 662 2258 Terra,
678 2180 738 2245 erit
750 2144 796 2308 ἒξ
809 2205 841 2241 =
859 2180 889 2245 L
908 2194 934 2247 x
954 2189 1049 2260 sam
1060 2178 1132 2267 peu
1149 2204 1182 2243 =
1198 2190 1293 2261 aare
1309 2183 1426 2269 pedum

146 2356 234 2522 et}⁴
253 2417 285 2454 =
305 2392 334 2457 L
357 2406 384 2458 x
409 2399 481 2471 1,47
498 2391 781 2477 :nortpertum
828 2389 910 2457 Cum
925 2386 1029 2495 autem
1043 2385 1145 2459 Luna
1157 2395 1373 2461 excentricitas
1388 2398 1428 2463 sit

148 2603 236 2692 quasi
251 2602 369 2685 ridi&
394 2602 452 2667 erit
467 2602 544 2665 dum
558 2600 650 2667 Luna
663 2602 697 2666 in
710 2600 848 2689 perigaeo
863 2614 1003 2669 versatur
1016 2566 1062 2730 {Sa
1077 2610 1114 2665 :¹
1127 2604 1157 2669 L
1177 2618 1203 2671 Χ
1225 2614 1340 2683 toust
1355 2605 1427 2689 ped.

154 2774 510 2939 :neupaumetg
529 2837 561 2873 =
582 2811 611 2877 n
635 2824 662 2878 κ
689 2820 761 2889 rm
779 2836 809 2871 =
830 2821 937 2891 oms.
952 2812 1079 2899 pedum.
1124 2813 1210 2879 uu
1230 2814 1432 2881 mannen

500 2981 575 3058 S-

488 3067 574 3146 ᾖ-

148 3024 331 3109 inapofflo,
341 3018 480 3103 prodibit
586 3020 616 3084 L
636 3034 662 3086 Χ
680 3026 774 3097 tart
785 3017 857 3105 ped.
876 3044 906 3079 =
928 3028 1019 3099 1,899
1028 3018 1145 3106 pedum
1154 2988 1271 3151 ετξ-τ
1284 3023 1345 3091 Lx
1357 3030 1429 3101 1,19

156 3217 188 3256 ·..-.
204 3200 301 3269 9030
321 3188 447 3275 pedum.
493 3190 546 3255 Ex
563 3191 616 3271 his
635 3190 732 3279 igitur
742 3192 770 3257 si
785 3192 878 3257 Luna
892 3215 912 3257 a
927 3192 1027 3259 Terri
1041 3194 1239 3261 mediocriter
1253 3195 1356 3275 distet,
1372 3196 1433 3263 erit

150 3323 240 3387 aquae
251 3300 381 3364 elevatio
391 3299 452 3363 Aa
465 3324 496 3357 =
512 3300 542 3365 L
560 3314 586 3367 Χ
603 3309 695 3377 90,41
709 3300 826 3388 pedum
841 3326 873 3360 =
889 3309 986 3377 2260
996 3300 1113 3384 pedum
1123 3302 1364 3369 elevatioautem
1376 3303 1431 3367 Bb

156 3409 234 3474 :L
251 3422 278 3475 Χ
295 3415 389 3486 eutr
403 3408 521 3493 pedum
534 3432 565 3467 =
579 3416 676 3486 2187
691 3408 826 3493 pedum:
847 3428 884 3471 ac
899 3408 1064 3492 depressio
1078 3406 1118 3471 nd
1134 3408 1231 3473 latera
1245 3408 1308 3474 Dd
1326 3434 1358 3469 =
1374 3410 1431 3473 Ee

156 3538 190 3574 =
206 3514 236 3578 L
254 3526 280 3579 Χ
296 3521 391 3592 tarr
405 3514 523 3598 pedum
536 3538 568 3573 =
585 3521 678 3592 1,112
694 3513 820 3598 pedum.
867 3512 931 3577 Pro
944 3514 1082 3599 perigaeo
1095 3512 1171 3576 verb
1186 3514 1288 3579 Lunoe
1302 3515 1357 3578 fiet
1371 3515 1431 3581 Aa

157 3644 191 3680 =
205 3619 237 3685 L
256 3633 282 3686 Χ
305 3628 418 3696 loono
429 3620 547 3703 pedum
557 3642 589 3678 =
601 3626 632 3696 2,
645 3627 707 3685 656
716 3618 847 3703 pedum3
861 3618 920 3682 Bb
934 3643 965 3678 =
982 3618 1021 3682 L.
1034 3624 1149 3695 102,62
1158 3619 1274 3703 pedum
1289 3643 1320 3680 =
1335 3626 1430 3697 2565

150 3727 289 3813 pedum3
309 3739 403 3813 atque
424 3726 458 3792 D
473 3727 494 3789 d
511 3764 546 3789 =
566 3726 596 3791 E
610 3750 629 3792 e
645 3762 680 3787 =
700 3728 739 3792 L.
770 3733 866 3805 5222
885 3761 920 3787 =
943 3732 1036 3803 1,905
1051 3726 1177 3811 pedum.
1222 3729 1287 3794 Pro
1300 3750 1431 3817 apogaeo

152 3836 289 3922 deniqne
303 3836 405 3900 Luuoe
418 3835 582 3901 habebitur
597 3838 656 3901 Aa
674 3868 709 3895 π
728 3837 766 3901 L.
783 3844 878 3913 76,99
893 3836 1009 3922 pedum
1023 3870 1057 3897 =
1076 3846 1169 3916 1,923
1184 3840 1309 3923 pedum,
1326 3852 1358 3904 et
1373 3838 1431 3903 Bb

158 3968 191 4003 =
206 3941 245 4008 L.
262 3952 356 4022 74,55
371 3942 487 4028 pedum
501 3976 536 4003 =
554 3953 646 4022 l,864
657 3943 784 4028 pedum,
800 3956 893 4031 atque
908 3942 973 4009 Dd
986 3976 1020 4004 =
1037 3946 1092 4009 Ee
1106 3974 1140 4004 =
1151 3946 1189 4009 L.
1207 3951 1301 4025 snat
1316 3944 1431 4032 pedum

151 4082 188 4111 ε.-
198 4060 294 4130 0,’947
310 4052 435 4136 pedum.

196 4169 288 4245 §.42
311 4160 453 4226 Tametsi
473 4172 576 4226 autem
597 4160 658 4226 hoo
678 4160 828 4226 methodo
844 4161 913 4226 'non
935 4160 1100 4227 difficulter
1117 4174 1181 4227 tam
1195 4162 1326 4228 elevatio
1338 4167 1433 4233 maris

92 4275 100 4290 “
154 4269 247 4359 quim
269 4270 427 4355 depressio
446 4293 517 4357 quoe
535 4272 584 4336 vel
604 4295 623 4336 a
645 4272 718 4338 Sole
738 4272 787 4335 vel
809 4270 901 4337 Luni
916 4296 1056 4337 seorsum
1069 4274 1217 4361 gignitur,
1234 4276 1274 4341 sit
1287 4274 1432 4343 determi-

155 4374 240 4458 nata,
256 4380 282 4443 si
297 4378 423 4466 quidam
437 4380 543 4443 omnia
555 4380 598 4444 ad
615 4392 730 4445 statum
742 4380 854 4465 quietis
869 4380 995 4445 reducta
1011 4380 1223 4466 concipiantur
1230 4406 1240 4460 ;
1262 4396 1366 4451 temen
1385 4372 1433 4451 ni·

154 4489 253 4553 mitim
273 4489 367 4554 foret·
374 4489 499 4553 difficile
520 4489 658 4575 ejusdem
679 4487 819 4553 methodi
839 4510 900 4572 ope
914 4490 1037 4553 easdem
1052 4511 1101 4553 res
1116 4488 1256 4571 definire,
1281 4494 1308 4557 si
1331 4495 1433 4559 Solet

156 4598 251 4662 Luna
263 4598 452 4682 oonjunetim
463 4609 566 4685 agant.
612 4596 831 4673 Quamobrem
836 4596 928 4661 diam
939 4596 1122 4663 methodum
1133 4603 1433 4691 exponamussujns

156 4729 231 4772 usus
246 4728 306 4790 pro
319 4719 454 4792 utroque
469 4728 542 4769 casu
557 4704 647 4791 requi
662 4715 782 4788 pateat3
797 4725 868 4789 quae
883 4702 955 4769 crim
969 4728 988 4769 a
1000 4706 1098 4790 priori
1112 4708 1235 4792 penitius
1250 4710 1290 4772 sit
1303 4708 1432 4787 diversa,

770 4809 821 4857 Uo
