3384 5459
147 426 451 509 harcherius]
497 429 739 497 PRINCIPIA
763 433 1136 507 MATHEMATICA.
1322 473 1328 485 ·
1387 459 1426 513 15

144 600 313 666 satellitum
336 605 434 669 Jovis.
480 608 519 689 (¹)
536 608 661 672 Etenim
682 632 740 695 per
761 610 890 694 eclipses
906 612 975 676 illas
989 615 1212 683 determinatur
1226 622 1340 705 positio
1356 646 1424 687 um-

144 712 210 775 brae
232 734 328 797 quam
342 714 467 798 Jupiter
485 718 619 801 projicit,
642 731 674 781 et
695 740 734 781 eo
755 720 883 783 nomine
897 721 1031 787 habetur
1045 725 1133 789 Jovis
1147 726 1311 816 longitudo
1325 733 1427 797 belio-

144 822 290 885 centrica.
337 822 389 886 Ex
410 822 657 911 longitudinibus
675 841 781 891 autem
794 826 1013 897 heliocentrict
1029 844 1061 897 et
1074 837 1269 921 geocentrici
1289 840 1371 905 inter
1392 864 1426 907 se

145 930 264 995 collatis
279 930 505 997 determinatur
518 931 665 997 distantia
677 935 774 999 iovis.
1152 934 1156 941 ’

576 1184 929 1257 PHAENOMENON
954 1192 994 1256 V.

143 1378 291 1443 Planctus
306 1380 484 1461 primarios,
506 1381 606 1445 radiis
626 1383 669 1444 ad
697 1383 824 1447 Terram
846 1387 952 1465 ductis,
967 1410 1056 1453 oreas
1070 1392 1234 1479 ἅεεονίρενε
1247 1396 1423 1477 tripotens

181 1486 304 1549 minime
312 1488 557 1569 proportionales
570 1522 581 1559 ;
598 1496 632 1551 et
647 1490 801 1553 rediitad
813 1492 910 1555 Solem
925 1495 1029 1571 ductis,
1046 1518 1135 1561 areos
1153 1500 1331 1582 impetibus
1345 1523 1442 1584 pro.

177 1590 368 1673 portionale
376 1612 563 1675 peratrrere.

184 1783 269 1847 Nam
291 1794 433 1868 respectu
449 1782 560 1847 Terrae
573 1804 658 1847 nunc
670 1768 926 1873 progrediuntur,
947 1808 1032 1853 nune
1045 1791 1214 1855 stationarii
1231 1806 1312 1870 sunt,
1335 1815 1420 1857 nunc

144 1895 233 1959 etiem
245 1892 482 1981 regrediuntur:
507 1894 552 1958 At
569 1894 651 1959 Solis
665 1906 809 1980 respectu
825 1918 949 1980 semper
962 1898 1214 1985 progrediuntur,
1237 1899 1331 1985 idque
1345 1924 1419 1985 pro·

1163 1998 1176 2025 0

142 2080 239 2130 latitudo
251 2082 351 2130 Veneria
360 2098 389 2130 ex
402 2082 497 2131 Tellure
510 2084 629 2131 observata
641 2084 694 2132 PT
706 2082 763 2141 E,a
794 2084 824 2132 ad
840 2084 939 2133 οτδίδωι
954 2090 1064 2152 καρδίας,
1081 2103 1105 2145 ρ(
1124 2095 1137 2142 1
1150 2094 1173 2143 Ε
1192 2110 1245 2157 qu.
1261 2094 1304 2143 att
1318 2094 1342 2141 in
1360 2094 1383 2143 Ε
1396 2094 1419 2143 Τ

144 2146 196 2194 Sole
211 2146 261 2193 visa
278 2146 300 2194 Ρ
312 2146 329 2193 S
341 2146 371 2199 E,
390 2147 413 2193 E
431 2156 544 2207 punctum
559 2146 584 2193 in
595 2146 708 2207 eclipdcd,
719 2148 763 2195 erit
793 2148 998 2209 perpendicularis,
1015 2161 1071 2219 qut.
1084 2162 1232 2222 ‘officitur
1241 2160 1300 2207 ηιξ.)
1310 2158 1418 2205 „mim

142 2220 170 2257 at
181 2210 202 2257 Ρ
215 2210 233 2256 s
244 2210 274 2257 ad
287 2210 309 2256 P
320 2210 350 2266 T,
362 2209 395 2257 itai
406 2220 504 2273 tangens
515 2210 645 2257 latitudinis
663 2210 685 2257 P
698 2210 720 2259 T
732 2212 763 2265 E,
797 2211 954 2274 elongationis
968 2221 1039 2283 hujus
1053 2225 1158 2271 nume,
1167 2224 1197 2272 ,d
1208 2222 1418 2271 minimarum

142 2272 171 2321 ad
181 2283 316 2335 tangentem
331 2272 462 2320 latitudinis
479 2274 500 2321 P
512 2274 529 2320 8
541 2274 571 2321 Ε.
608 2274 671 2321 Nam
681 2276 712 2321 ob
722 2290 764 2321 en-
797 2274 871 2332 Joria
888 2286 913 2325 et
925 2278 964 2327 hie
977 2287 1075 2337 habam·
1083 2288 1110 2335 {a
1119 2286 1228 2337 affl
1237 2286 1418 2335 mmmmm

142 2336 691 2399 gulanPTetEPSrectoaeatPTad
707 2338 763 2387 Pn

142 2400 503 2463 utainuatotusadtangeutem
517 2401 598 2463 anguli
616 2401 723 2460 PTE3
741 2411 765 2449 et

143 2464 246 2509 similiter
263 2464 286 2511 P
298 2463 354 2511 sad
367 2464 388 2511 P
401 2464 423 2511 Ε
438 2474 466 2511 ut
476 2464 541 2511 sinna
550 2474 614 2511 totus
625 2463 655 2511 sd
667 2474 766 2529 tangen-

143 2526 532 2590 emenguttrsnndetqueut
550 2527 638 2576 PSad
653 2528 716 2587 PT,
733 2528 766 2577 itai

142 2602 240 2653 tangens
258 2590 339 2653 auguli
360 2591 382 2638 Ρ
399 2590 422 2639 Τ
438 2590 461 2637 Ε
482 2590 512 2638 ad
530 2600 664 2655 tangentem
683 2594 765 2655 anguli

143 2653 236 2711 ΗΕ,
255 2654 327 2717 quari
343 2653 436 2702 dabitur
449 2654 551 2717 angulus
567 2654 611 2701 iste
629 2670 684 2701 cum
702 2665 766 2703 recto

143 2716 494 2775 urseideteritsrad
508 2718 766 2781 SEutaiuuaangull

143 2780 159 2829 S
175 2781 198 2829 E
219 2782 245 2837 1³,
268 2782 432 2842 complementi
457 2782 478 2830 P
494 2782 511 2829 S
528 2782 551 2829 Ε
573 2780 604 2829 ad
625 2790 714 2828 rectum
735 2782 765 2831 ed

140 2846 216 2891 sicum
233 2844 319 2909 anguli
339 2844 432 2900 PSE,
451 2844 543 2893 dabitur
559 2844 616 2908 ergd
636 2844 652 2893 S
670 2844 701 2903 Ε,
721 2860 764 2893 seu

140 2908 197 2957 ratio
213 2908 266 2970 ejus
281 2908 312 2957 ad
330 2909 388 2965 ST,
404 2909 485 2969 sicque
500 2909 624 2957 wratis
640 2908 708 2956 variis
717 2908 764 2957 dis·

140 2972 216 3019 tautiia
229 2973 246 3019 S
259 2972 289 3029 P,
301 2972 393 3020 dabitur
403 2972 539 3031 mediocria3
557 2972 612 3035 quia
625 2971 681 3020 verd
695 2972 764 3021 datur

140 3036 195 3083 ren'o
208 3036 225 3083 S
235 3036 257 3083 T
267 3035 299 3084 ad
309 3036 449 3083 mediocrem
459 3034 591 3083 demetiam
600 3036 660 3084 Solia
667 3052 683 3083 a
690 3036 765 3084 Terrd

140 3225 312 3274 doliaaTerrd.
339 3226 452 3273 Mercurii
461 3226 576 3275 distantiat
587 3224 764 3274 a'rerrtdeters

138 3288 258 3337 minantur
267 3290 338 3337 etiam
350 3304 391 3349 per
401 3289 454 3336 elon
485 3290 559 3337 tiones
568 3291 620 3353 eJua
630 3290 765 3337 marimasa

139 3352 200 3407 Sole,
223 3352 265 3401 aed
286 3352 342 3415 quia
362 3352 437 3399 orbita
487 3354 570 3401 ercurii
586 3364 620 3401 est
635 3354 764 3401 admodum

139 3418 276 3473 excentrica,
298 3416 318 3463 ai
338 3416 473 3463 Mercurius
490 3416 518 3464 lit
534 3416 560 3463 iu
578 3416 606 3472 Ρ,
620 3417 645 3463 in
661 3416 765 3464 maximi

138 3478 286 3542 digressione.
303 3494 346 3541 per
360 3480 544 3529 observationem
554 3490 624 3528 notua
634 3480 665 3527 sit
674 3489 765 3540 oportet

137 3543 240 3606 angulus
256 3543 383 3591 STPet
397 3544 683 3603 pertbeoriammomum
696 3544 762 3591 Mer·

136 3606 194 3653 cerii
212 3606 316 3669 anguina
333 3606 419 3655 PST
435 3606 498 3654 uude
513 3606 642 3655 deducetur
656 3606 759 3671 angulus

139 3668 229 3727 TPB,
246 3669 758 3733 qniamguiuaillereetusmneatunde
790 3670 858 3719 toris
878 3666 1000 3717 habebitur
1019 3666 1045 3714 in
1066 3667 1175 3714 med·
1194 3668 1297 3731 angulus
1317 3672 1332 3719 1
1350 3673 1372 3720 T
1388 3674 1412 3721 E

138 3732 701 3793 tandemcartemdeterminenturutinvenere,
716 3750 758 3783 ne-
790 3736 897 3796 subque
911 3744 1021 3793 apparere
1035 3728 1268 3787 demun-lit.
1285 3734 1305 3781 ai
1322 3736 1414 3786 ηυδε,

138 3796 216 3857 glectis
226 3797 339 3845 minutiis.
792 3798 853 3845 toret
868 3799 894 3844 in
912 3792 1015 3845 maximi
1031 3792 1075 3841 aud
1091 3794 1238 3857 elongatione
1254 3812 1283 3843 eo
1302 3800 1413 3860 temporis

169 3860 252 3923 [Ἴσι
265 3866 279 3893 ·
293 3864 391 3911 Etenim
396 3878 442 3924 per
452 3864 542 3925 eclipses
549 3862 616 3912 Joria
623 3864 759 3912 demine-
791 3870 927 3919 momento3
955 3857 997 3905 aed
1017 3871 1046 3905 ex
1067 3858 1267 3921 trigonomenieia,
1292 3872 1328 3908 est
1348 3864 1413 3911 sinna

138 3931 176 3969 tur
183 3928 264 3985 petitio
275 3929 364 3975 umbra
374 3942 444 3989 queam
453 3930 544 3989 Jupiter
551 3928 648 3988 pretiis,
656 3936 709 3975 eteo
719 3944 759 3975 no·
792 3940 822 3973 au
867 3926 873 3937 '
893 3925 906 3972 1
918 3925 942 3971 Τ
953 3923 983 3977 Β,
1001 3921 1032 3969 ad
1045 3920 1123 3969 ainum
1133 3930 1210 3969 totum
1219 3924 1267 3969 sire
1277 3924 1355 3972 mum
1370 3942 1413 3973 an·

137 3989 303 4037 mimmterur
313 3993 375 4039 Jove
386 3992 503 4051 brigittae
512 3994 673 4039 terrentem.
837 3989 888 4045 Ἐ,
904 3996 977 4035 uteat
994 3986 1044 4033 ΙΕ
1060 3984 1414 4052 edTLmrsusineiangule

168 4052 759 4114 *sesto13Tu'em31Jupiter3LSateue
793 4049 1413 4114 TILeatIL(aire1Eiparoequalis)adT1

137 4113 253 4227 ‘rc
266 4115 760 4240 meinent.
790 4111 1265 4243 tentant-entem
1279 4116 1414 4229 em

951 4214 960 4237 Ι

135 4240 208 4300 Jovia,
223 4244 334 4291 distantia
347 4244 421 4291 centri
439 4244 506 4293 Jovia
518 4260 534 4291 a
545 4244 644 4291 satellite
659 4245 685 4291 in
706 4259 759 4291 um-
791 4244 870 4291 mum
880 4252 965 4298 totum,
976 4242 1010 4289 ita
1019 4241 1085 4287 sinus
1094 4242 1174 4304 anguli
1194 4243 1205 4289 1
1220 4244 1243 4291 T
1254 4244 1276 4291 L
1292 4244 1323 4292 ad
1335 4245 1414 4292 ainum

136 4306 200 4353 bram
210 4322 260 4354 aete
276 4307 430 4371 immergente
440 4316 464 4355 et
474 4322 503 4354 ex
513 4307 543 4355 ei
553 4318 693 4371 emergente,
709 4322 759 4355 me·
790 4306 874 4369 auguli
894 4307 917 4354 Τ
927 4305 976 4353 LI
995 4305 1043 4351 sire
1062 4302 1085 4349 Τ
1096 4303 1119 4350 1.
1131 4306 1163 4364 ὃς
1180 4309 1245 4354 unde
1260 4308 1285 4353 iu
1296 4308 1414 4371 triangulo

136 4367 201 4416 dium
217 4370 280 4418 inter
295 4386 334 4417 eas
349 4371 470 4419 distamias
484 4371 528 4418 erit
538 4370 646 4419 distantia
656 4388 671 4419 a
680 4382 759 4419 oentm
793 4370 879 4427 Tus
890 4370 985 4432 cognito
995 4383 1036 4429 per
1043 4368 1225 4417 observationem
1235 4373 1324 4434 angulo
1336 4372 1383 4419 ST
1391 4373 1413 4418 L

135 4430 200 4480 Jovia
213 4434 245 4481 ad
260 4434 383 4481 satellitem
399 4436 423 4481 in
433 4435 512 4481 medio
523 4437 612 4483 umbrae
626 4437 762 4483 immersum
794 4444 818 4480 et
839 4432 934 4480 invento
956 4442 983 4479 ut
1002 4432 1132 4479 indicatum
1150 4444 1192 4491 eat,
1210 4436 1299 4497 angulo
1319 4436 1342 4483 T
1352 4435 1375 4482 1.
1388 4438 1412 4489 S.

136 4494 160 4541 in
170 4499 275 4557 partibus
286 4498 461 4545 semi-diametri
471 4498 544 4553 Jovis,
561 4499 643 4546 eedem
654 4498 763 4545 distantia
794 4498 892 4544 babetur
902 4496 1005 4559 angulus
1016 4496 1039 4543 T
1051 4497 1067 4543 S
1079 4496 1109 4553 L,
1125 4498 1165 4559 qui
1175 4497 1269 4545 additus
1280 4500 1316 4546 tel
1325 4498 1413 4547 detrac·

136 4556 160 4605 in
170 4561 269 4609 minutis
280 4572 303 4608 et
314 4562 421 4608 secundis
436 4562 550 4609 observari
565 4563 656 4624 poterit,
673 4562 762 4624 eritque
793 4570 832 4607 tua
842 4575 857 4606 e
867 4558 1015 4622 longitndine
1029 4560 1194 4609 heliocentrici
1209 4562 1288 4609 Terret
1298 4562 1339 4611 dat
1348 4564 1414 4613 Jove

135 4634 243 4675 nemra
258 4626 340 4689 anguli
359 4626 458 4685 trln
475 4625 574 4675 ducem
591 4626 646 4675 TE
662 4635 762 4690 tangens
793 4623 1168 4688 bdiooentricamlongitudinem.
1205 4626 1300 4681 dni.

738 4710 789 4758 02
