3384 5459
286 418 350 475 ato
578 409 643 475 DE
665 407 820 474 CAUSA
844 406 1049 473 PHYSICA
1072 406 1263 473 FLUXUS

287 583 399 647 eodem
421 581 539 646 circulo
558 580 709 667 aequatori
722 579 872 665 parallelo
886 601 1095 663 perseverare,
1118 579 1167 642 vel
1182 579 1377 643 latitudinem
1393 577 1526 643 eandem
1540 578 1575 641 in

287 692 417 781 singulis
438 692 681 758 revolutionibus
703 713 835 769 servare,
859 704 890 755 et
915 690 1119 755 variationem
1141 687 1287 759 ascensus
1310 710 1410 776 aquae,
1438 711 1511 775 qirae
1530 710 1574 753 ex

288 802 390 891 figunt
406 800 610 887 sphaemidici
626 802 737 868 Terra
750 802 904 887 provenit,
920 821 985 863 non
1000 798 1242 894 consideramus.

738 1031 1023 1099 PROPOSITIO
1047 1031 1123 1096 VII.

286 1229 391 1295 Motus
404 1251 491 1314 aqreae
505 1230 644 1294 turbatur
659 1250 695 1293 ec
711 1232 856 1313 inaquoli
870 1230 1035 1305 velocitate,
1052 1225 1111 1311 qud
1125 1248 1252 1309 corpora
1265 1229 1348 1291 circa
1362 1249 1448 1291 asan
1464 1228 1499 1291 T
1493 1248 1573 1291 crrae

725 1350 805 1402 motu
818 1341 929 1402 dimo
943 1339 1126 1423 deferamur.

251 1558 255 1565 ·
328 1528 456 1611 Quippe
475 1528 502 1590 si
523 1548 612 1613 aquoe
627 1528 724 1591 moles
738 1526 855 1593 feratur
870 1540 958 1605 aestu,
981 1528 1030 1591 vel
1045 1528 1104 1591 alii
1119 1528 1160 1591 de
1174 1526 1277 1605 causei,
1300 1526 1340 1591 ad
1355 1528 1505 1611 majorem
1519 1527 1569 1589 vel

281 1633 437 1697 minorem
450 1633 491 1696 ab
505 1647 663 1719 aequatore
677 1634 864 1711 distantiam,
881 1634 998 1698 incidet
1011 1634 1043 1697 in
1059 1656 1171 1720 aquam
1182 1632 1302 1697 diversi
1314 1633 1477 1697 velocitate
1486 1632 1569 1697 circa

284 1762 376 1804 axen.
399 1741 509 1805 Terrae
529 1742 643 1817 latam3
665 1742 750 1804 unde
771 1742 854 1804 illius
870 1754 991 1805 motum
1005 1740 1125 1804 turbari
1138 1762 1265 1803 necesse
1280 1751 1335 1801 est.
1380 1738 1570 1803 Differentia

282 1849 484 1913 velocitatum
498 1849 611 1934 quibus
625 1871 768 1933 corpora,
784 1850 920 1935 exempli
933 1850 1043 1937 gratii,
1060 1850 1093 1913 in
1107 1849 1177 1913 loco
1194 1856 1268 1913 50⁸¹.
1284 1847 1324 1910 ab
1335 1860 1494 1933 aequatore
1504 1848 1568 1911 dis-

283 1957 352 2035 sito,
368 1969 401 2021 et
414 1958 447 2019 iu
461 1956 531 2020 loco
555 1967 595 2022 36
617 1956 738 2021 tantdm
751 1958 895 2023 milliaria
909 1958 1008 2047 magis
1023 1956 1130 2022 vernis
1151 1959 1393 2043 septennionem
1407 1973 1566 2043 vergente,

281 2066 381 2148 major
394 2077 442 2127 est
455 2063 550 2149 quim
564 2063 626 2149 qut
649 2072 668 2133 7
690 2066 832 2130 milliaria
852 2067 981 2156 singulis
996 2068 1082 2132 boris
1096 2068 1333 2145 describeretur,
1356 2080 1391 2131 ut
1404 2068 1487 2131 facili
1504 2068 1568 2130 cal·

281 2177 354 2239 culo
375 2177 503 2261 patebit.
550 2175 694 2262 Ctimque
714 2190 816 2243 motus
837 2181 932 2243 maris
953 2191 1057 2245 tantus
1077 2198 1301 2265 nonnunquam
1321 2179 1361 2241 sit
1377 2190 1413 2241 nt
1430 2189 1525 2241 aestus
1547 2188 1567 2242 6

279 2282 432 2359 milliaria,
457 2282 506 2346 vel
527 2284 621 2348 etiam
641 2282 733 2367 plura
753 2285 883 2373 singulis
904 2286 989 2351 horis
1004 2286 1169 2364 describat,
1192 2286 1319 2351 effectus
1333 2287 1388 2373 qni
1401 2286 1476 2349 hinc
1489 2286 1567 2350 oriri

281 2402 414 2473 possunt
426 2413 492 2453 non
506 2403 580 2455 sunt
593 2393 822 2457 contemnendi.

325 2496 360 2561 Si
372 2519 455 2582 aqua
469 2497 625 2561 deferatur
639 2520 658 2560 a
671 2498 801 2562 meridie
816 2497 923 2563 versus
943 2502 1185 2585 septentrionem
1199 2514 1287 2564 motu
1307 2498 1446 2589 generali
1459 2498 1566 2579 restris,

279 2602 329 2666 vel
352 2602 412 2666 alisi
438 2602 546 2688 quivis
572 2603 613 2667 de
637 2602 740 2681 must,
767 2626 876 2669 cur-sus
902 2628 991 2692 aquae
1016 2606 1090 2671 hinc
1114 2606 1265 2691 paulatim
1290 2606 1432 2670 deflectet
1457 2605 1567 2671 vermis

279 2711 605 2797 orientem,·quoniam
619 2733 700 2797 aqua
713 2710 801 2796 priuis
815 2711 971 2777 ferebatur
984 2725 1072 2776 motu
1087 2712 1201 2777 diurno
1215 2712 1321 2777 versds
1336 2712 1418 2777 hanc
1438 2712 1566 2801 plagunt

278 2821 389 2903 majori
409 2819 571 2885 velocitate
592 2816 687 2905 qudm
709 2832 757 2883 est
777 2842 815 2883 ea
836 2842 906 2905 quae
928 2820 1072 2884 convenit
1091 2821 1162 2884 looo
1184 2821 1282 2907 magis
1305 2818 1412 2883 vernis
1435 2821 1567 2886 boream

278 2924 349 2989 sito.
396 2924 515 2989 Contrii
537 2925 563 2989 si
585 2948 668 3010 aqua
687 2948 706 2987 a
728 2926 938 3009 septentrione
959 2924 1066 2991 verstis
1088 2926 1250 2991 meridiem
1265 2926 1432 3004 deseratur,
1455 2949 1565 2993 cursus

282 3055 372 3117 aquae
394 3034 436 3097 ob
457 3034 590 3098 similem
605 3057 729 3099 causam
742 3036 851 3101 versds
866 3038 1059 3102 occidentem
1074 3036 1225 3103 deflectet.
1271 3036 1375 3123 Atque
1389 3036 1463 3101 hinc
1480 3040 1566 3103 varia
1683 3072 1684 3075 ¹

278 3140 381 3203 motin
410 3140 504 3204 maris
530 3142 739 3224 phaenomena
767 3146 843 3207 oriri
876 3146 1078 3229 suspicamur.
1138 3145 1227 3210 Hinc
1255 3144 1394 3223 forsitan,
1425 3148 1565 3231 exempli

275 3250 391 3337 gratiis,
408 3263 530 3317 montes
544 3252 690 3339 glaciales
705 3276 776 3341 quoe
791 3278 832 3319 ex
845 3256 974 3321 Oceano
991 3256 1115 3321 Boreali
1130 3254 1355 3345 digrediuntur,
1371 3254 1567 3341 frequentids

277 3361 513 3445 conspiciuntur
526 3363 560 3426 in
574 3364 758 3427 occidentali
773 3363 866 3449 quim
881 3366 1023 3431 orientali
1039 3366 1158 3429 Oceani
1173 3363 1323 3429 Atlantici
1337 3362 1439 3451 plagii.
1474 3364 1566 3442 Quin

276 3486 308 3538 et
328 3476 460 3559 majores
482 3487 576 3539 aestus
598 3474 672 3539 hinc
693 3476 768 3539 cieri
789 3498 880 3560 posse
902 3478 935 3539 in
956 3476 1098 3561 pluribus
1120 3474 1195 3539 locis
1209 3471 1303 3559 quim
1317 3474 1370 3559 qui
1386 3495 1426 3536 ex
1440 3474 1568 3538 calculo

275 3580 390 3645 virium
412 3580 494 3646 Solis
516 3593 548 3645 et
569 3581 671 3645 Lunae
691 3582 857 3666 prodeunt,
873 3582 978 3647 habiti
994 3583 1113 3647 ratione
1128 3578 1308 3657 latitudinis,
1325 3580 1486 3645 verisimile
1502 3594 1566 3647 est.

277 3688 420 3753 Eandem
444 3712 569 3753 causam
594 3690 634 3754 ad
657 3703 768 3785 yentos
793 3694 966 3776 prasertim
991 3687 1236 3757 vehementiores
1264 3689 1494 3777 propagandos,
1529 3708 1567 3755 et

275 3818 503 3882 nonnunquam
517 3799 676 3885 augendos
689 3800 739 3863 vel
753 3800 949 3878 minuendos,
973 3802 1093 3888 aliaque
1108 3816 1174 3865 tum
1188 3802 1267 3866 airis
1283 3814 1350 3866 tum
1363 3800 1457 3865 maris
1471 3800 1565 3885 phae-

274 3926 409 3969 nomena
433 3907 639 3989 produoenda
664 3908 838 3975 conducere
865 3912 1067 3997 suspicamur.
1123 3912 1186 3977 Sed
1210 3912 1280 3980 hac
1293 3934 1378 3979 nunc
1403 3910 1564 3999 sigillatim

275 4012 421 4098 prosequi
435 4036 500 4077 non
513 4014 595 4079 licet.
