3384 5459
418 414 611 485 FLUXUS
633 417 696 483 AC
720 414 975 483 REFLUXUS
999 416 1157 483 MARIS.
1368 428 1433 485 298

145 591 271 659 draturh
292 604 340 656 tot
359 591 487 655 minutis
508 602 583 676 post
600 590 775 655 munitum.
821 590 1021 654 Contrarium
1036 590 1140 654 evenit
1154 590 1179 653 si
1198 590 1247 655 vel
1265 590 1358 655 Luna
1373 592 1435 660 sub

146 704 252 769 Terra*
263 703 304 782 ad
318 703 526 767 meridianum
540 700 686 787 appellat,
703 699 753 764 vel
769 700 824 765 Sol
843 699 877 763 in
892 699 1023 763 solstitio
1037 698 1173 787 hyemali
1187 712 1335 767 versetur.
1380 704 1433 767 Ex

143 812 195 877 his
216 813 313 899 igitrrr
336 812 486 890 formulis,
512 812 539 875 si
561 811 677 875 tabulae
696 810 913 888 adhibeantur,
930 832 994 874 non
1017 811 1077 875 erit
1097 810 1222 875 difficile
1242 832 1301 896 pro
1322 814 1432 898 quovis

142 920 216 987 loeo
238 920 349 985 Terrae
370 919 412 983 ed
433 917 566 1006 quodvis
585 931 709 1004 tempus
724 917 865 995 definire,
882 929 1030 1004 quartum
1045 918 1184 981 maxima
1197 938 1287 1004 equae
1303 918 1433 985 elevatio

145 1026 312 1091 transitum
333 1025 434 1089 Lunoe
455 1046 513 1109 per
534 1023 741 1088 meridianum
755 1024 805 1089 vel
819 1024 998 1109 precedere
1011 1024 1061 1087 vel
1076 1024 1164 1109 sequi
1178 1023 1308 1101 debeat3
1329 1026 1433 1110 cnjus·

143 1134 232 1201 modi
255 1136 492 1219 supputationes
514 1135 685 1199 maximam
708 1134 801 1199 eumn
824 1134 954 1199 afferent
982 1133 1156 1212 utilitatem,
1187 1135 1313 1221 quando
1338 1136 1432 1201 etiam

144 1241 267 1305 inet'tiae
281 1260 373 1327 aquae
387 1240 468 1303 ratio
482 1238 657 1303 habebitur.

186 1355 211 1431 t.
228 1356 282 1417 67.
305 1348 465 1425 Quoniam
478 1347 576 1434 igitur
589 1348 663 1413 satis
678 1358 726 1411 est
739 1348 927 1432 expositum,
943 1368 1006 1433 quo
1019 1360 1179 1413 momento
1192 1370 1279 1414 mare
1293 1348 1431 1415 maxime

145 1459 187 1523 sit
200 1457 365 1533 elevatum,
380 1456 551 1519 maximam
564 1470 690 1541 quoque
703 1456 797 1518 maris
811 1454 1043 1539 depressionem
1057 1455 1188 1521 delinire
1203 1456 1432 1545 aggrediamur.

147 1565 197 1630 Ac
211 1560 314 1649 primb
329 1562 456 1649 quidem
470 1560 669 1627 manifestam
682 1574 738 1639 est,
761 1562 789 1626 si
802 1562 870 1626 sola
884 1562 978 1627 Luna
991 1582 1078 1626 mare
1094 1564 1235 1651 agitaret,
1259 1575 1327 1629 tum
1342 1564 1434 1627 mini-

145 1694 231 1737 mam
252 1694 343 1757 aquae
363 1668 559 1733 altitudinem
581 1668 780 1732 observatum
800 1668 850 1745 iri,
874 1690 912 1731 eo
932 1668 1002 1753 ipso
1016 1680 1184 1748 momento,
1208 1692 1271 1756 quo
1286 1670 1379 1735 Luna
1400 1672 1434 1735 in

145 1779 309 1842 horizonte
330 1787 490 1840 versetur:
513 1787 606 1860 atque
627 1773 702 1838 hinc
721 1775 921 1861 perspicuum
937 1788 993 1853 est,
1015 1776 1099 1840 idem
1114 1798 1173 1841 usu
1188 1777 1293 1841 venire
1308 1778 1433 1857 debere,

146 1889 174 1953 si
198 1888 253 1953 Sol
275 1886 386 1951 eodem
406 1897 566 1949 momento
580 1906 704 1971 quoque
718 1884 752 1946 in
765 1883 928 1947 horizonte
943 1883 1065 1964 existat,
1087 1885 1121 1949 id
1135 1884 1219 1971 quod
1234 1884 1347 1951 accidit
1362 1884 1435 1950 crim
1540 1932 1544 1941 .

145 1994 313 2059 noviluniis
334 1991 401 2055 tum
422 1991 611 2075 pleniluniis.
657 1989 815 2054 Praeterea
834 1988 910 2053 verb
932 1990 1025 2053 etiam
1047 1990 1111 2055 ima
1132 2014 1212 2077 aqua
1234 1990 1436 2077 respondebit

146 2102 220 2165 situi
237 2101 338 2164 Lunae
352 2100 385 2160 in
400 2097 572 2174 horizonte,
588 2096 614 2159 si
628 2118 668 2159 eo
681 2109 823 2180 tempore
839 2096 895 2161 Sol
909 2096 1115 2161 meridianum
1125 2110 1267 2183 occupet,
1283 2100 1436 2185 quietum

145 2209 193 2271 ris
212 2206 295 2273 Solis
307 2226 366 2289 per
379 2202 515 2267 notabile
531 2202 680 2287 temporis
693 2201 892 2267 intervallum
905 2224 1007 2288 neque
1021 2216 1152 2290 augetur
1167 2228 1225 2270 uec
1240 2206 1435 2287 diminuitur,

14 2399 15 2402 Ἴ
147 2315 269 2380 etiamsi
283 2326 350 2376 tum
366 2334 447 2397 aqua
460 2331 525 2373 non
538 2320 661 2373 tantum
675 2309 878 2393 deprimatur,
902 2306 995 2395 quim
1010 2310 1093 2373 circa
1106 2312 1266 2377 novilunia
1279 2336 1317 2377 ac
1336 2314 1437 2400 pleni-

119 2436 123 2443 “
146 2423 244 2486 lunia.
291 2419 450 2482 Ponamus
471 2415 577 2502 igitur,
601 2411 663 2501 qub
686 2414 822 2500 reliquos
836 2436 926 2478 casus
941 2415 1128 2494 evolvamus,
1151 2416 1227 2480 dum
1242 2418 1336 2485 Luna
1350 2420 1437 2485 hori·

147 2543 271 2595 zontem
286 2538 428 2611 occupat,
453 2524 558 2592 Solem
578 2525 619 2588 ab
640 2525 802 2588 horizonte
821 2526 994 2599 removeri3
1017 2523 1078 2587 hoe
1092 2546 1168 2611 ergo
1183 2548 1352 2613 casusque
1369 2530 1437 2613 jam

148 2640 329 2715 elevabitur,
355 2658 398 2699 ex
421 2657 484 2721 quo
505 2654 633 2697 necesse
655 2643 703 2696 est
725 2632 820 2695 imam
842 2652 956 2717 aquam
980 2644 1052 2695 ante
1075 2630 1242 2696 adventurn
1270 2632 1371 2699 Lunae
1397 2636 1438 2700 ad

146 2748 341 2811 horizontem
357 2745 504 2819 extitisse,
521 2739 632 2805 contra
644 2736 720 2804 verb
735 2740 762 2803 si
775 2739 852 2803 dum
876 2739 969 2803 Luna
983 2740 1015 2803 iu
1029 2738 1191 2803 horizonte
1206 2752 1356 2819 versatur,
1382 2743 1438 2808 sol

148 2853 191 2918 ad
211 2854 405 2917 horizontem
426 2850 665 2934 appropinquet,
688 2848 777 2932 a‘qua⁸
789 2843 910 2910 tardius
932 2844 1048 2909 scilicet
1069 2856 1141 2929 post
1154 2846 1319 2931 appulsum
1335 2849 1438 2914 Lunae

149 2964 191 3027 ad
212 2962 406 3026 horizontem
428 2958 596 3045 continget.
641 2956 799 3020 Ponamus
814 2954 919 3041 itaque
935 2955 1059 3020 Lunam
1074 2970 1146 3020 aute
1160 2970 1264 3021 ortum
1280 2958 1339 3021 sub
1352 2957 1439 3023 hori-
1547 3018 1549 3025 .

149 3083 242 3136 sonte
263 3069 338 3135 Hh
359 3069 392 3131 in
414 3073 433 3129 l
455 3066 558 3131 adhuc
579 3066 706 3141 versari,
731 3063 899 3150 Solaque
921 3064 954 3127 in
977 3069 1007 3129 Θ
1033 3089 1100 3130 esse
1120 3067 1268 3150 positum,
1291 3069 1376 3134 unde
1396 3070 1438 3137 ud

150 3176 357 3241 meridianum
381 3173 408 3237 P
425 3175 451 3238 Z
467 3173 504 3236 H
525 3170 756 3258 progrediatur,
778 3169 901 3256 hocque
917 3172 986 3255 ipso
1000 3185 1160 3236 momento
1174 3196 1287 3259 aquam
1301 3177 1438 3242 maxime

149 3309 218 3351 esse
239 3284 430 3369 depressam.
474 3280 612 3345 Necesse
633 3280 805 3366 igiturest,
827 3292 864 3345 ut
877 3280 1111 3345 decrementum
1125 3298 1377 3350 momentaneum
1392 3289 1439 3352 vis

150 3396 255 3459 Lunae
272 3390 313 3455 ad
330 3412 417 3453 mare
436 3387 626 3453 movendum
646 3386 774 3483 aequale⁴
782 3389 823 3451 sit
836 3388 1028 3452 incremento
1043 3402 1261 3455 momentaneo
1275 3394 1321 3455 vis
1345 3396 1437 3459 Solis.

151 3500 206 3567 Ad
220 3500 303 3564 hauc
317 3496 525 3583 equalitatem
539 3494 759 3560 declarandam
773 3495 813 3559 sit
827 3495 933 3582 anguli
951 3500 968 3557 t
989 3496 1061 3561 ΡΟ
1075 3497 1115 3561 ad
1130 3498 1238 3583 polum
1254 3503 1358 3579 sumti,
1374 3502 1439 3567 dis·

149 3610 280 3675 tantiam
296 3608 399 3673 Lunae
414 3630 433 3670 a
447 3629 505 3671 suo
518 3617 591 3670 ortu
607 3604 639 3669 Ο
654 3604 828 3681 indicantis,
850 3605 936 3668 sinus
951 3636 986 3663 =
1001 3606 1032 3669 V
1047 3618 1078 3671 et
1093 3608 1217 3673 cosinus
1230 3639 1265 3667 =
1281 3632 1310 3688 v,
1327 3610 1381 3697 qui
1394 3613 1437 3677 ob

148 3718 300 3807 angulum
323 3720 341 3777 l
366 3714 442 3779 ΡΟ
465 3712 556 3777 valde
576 3733 708 3796 parrum
730 3711 798 3775 tuto
820 3712 901 3776 sinui
923 3715 980 3779 toti
1004 3722 1017 3777 l
1038 3716 1165 3801 aequalis
1181 3718 1303 3803 concipi
1325 3732 1438 3804 potest

150 3826 285 3891 Invento
308 3845 384 3909 ergo
395 3819 518 3908 angulo
541 3818 604 3883 hoc
631 3822 649 3879 l
672 3818 700 3882 P
721 3817 753 3883 Ο
779 3841 835 3883 seu
858 3842 933 3885 arcu
957 3823 1123 3907 aequatoris
1149 3822 1194 3886 illi
1219 3827 1437 3909 respondente,

149 3960 251 4023 eoque
264 3937 297 3999 in
312 3949 436 4020 tempus
451 3952 612 4007 converso,
628 3931 783 3995 constabit
797 3940 915 4018 quanto
929 3935 1078 4019 temporis
1095 3910 1258 4000 intervallo
1280 3938 1341 4002 ima
1358 3962 1439 4026 aqua

149 4044 316 4130 appulsum
338 4043 440 4108 Lunoe
461 4041 502 4105 ad
523 4039 717 4103 horizontem
740 4040 916 4124 pracedat:
946 4042 1028 4106 idem
1052 4039 1126 4107 verb
1150 4043 1286 4109 calculus
1310 4059 1374 4109 tam
1398 4046 1439 4112 ad

151 4157 255 4222 Lunae
268 4176 414 4219 occasum
429 4149 524 4239 quim
534 4150 575 4215 ad
585 4150 793 4214 accessionem
801 4150 889 4215 ⁴Solis
904 4151 944 4215 ad
959 4152 1152 4217 horizontem
1163 4152 1253 4218 facile
1263 4169 1440 4222 accommo-

150 4263 286 4329 dabitur.
1393 4254 1407 4271 ’
1523 4244 1528 4250 “

194 4380 220 4457 §.
235 4384 287 4439 68.
312 4372 427 4437 Positis
441 4392 528 4434 nunc
543 4369 573 4434 A
588 4381 620 4429 ‘r
637 4393 657 4434 a
670 4381 828 4456 sequatore
842 4390 880 4434 ac
894 4380 927 4425 ἕ
940 4382 971 4429 ‘t'
985 4374 1016 4435 tt
1033 4370 1185 4456 ecliptica,
1206 4370 1247 4436 sit
1260 4372 1441 4438 elevationis

150 4482 216 4567 poli
244 4480 308 4546 Ph
330 4478 415 4544 sinus
436 4508 472 4537 =
495 4477 532 4555 P,
556 4476 680 4542 cosinus
701 4508 736 4534 =
763 4498 805 4562 p3
835 4477 921 4540 sinus
943 4476 1157 4541 declinationis
1182 4477 1284 4542 Lunae
1305 4479 1439 4544 borealis

1295 4624 1338 4637 -
1354 4586 1382 4651 P
1397 4586 1428 4655 R

1428 4670 1440 4704 2

161 4632 280 4697 rL=
297 4630 338 4707 R,
355 4602 479 4695 cosinus
495 4650 580 4703 =r;
602 4626 770 4713 exquibus
784 4624 959 4711 fietanguli
977 4622 1423 4773 APOcosinusa-Iff-
