3384 5459
275 394 340 452 290
530 389 799 468 INQUISITIO
820 392 1026 459 PHYSICA
1049 394 1101 461 IN
1124 394 1319 463 CAUSAM

415 560 886 647 ss(tpq÷PQ)'rpqdo

275 611 351 675 neto
363 626 399 653 =
628 684 648 725 a
656 659 670 698 ³
886 647 895 679 ,
919 600 1087 667 denotante
1103 602 1136 679 Q
1155 604 1258 669 sinum
1273 602 1488 670 declinationis
1509 603 1569 668 bo·

276 814 367 878 realis
385 813 475 892 Solis,
492 826 523 878 et
537 815 635 899 qejus
646 814 798 891 cosinum,
810 813 980 881 habebitur
990 816 1061 917 hoeq
1069 818 1205 905 aeqmfio
1216 782 1247 847 L
1259 784 1294 863 (n
1303 803 1326 880 E
1336 802 1352 843 r
1363 779 1440 943 3¹?
1450 778 1496 858 R)
1508 776 1569 843 Nr

274 1218 315 1261 tre
329 1201 378 1281 ἧς,
394 1220 452 1281 per
466 1220 561 1283 quam
576 1198 802 1263 incrementum
813 1202 861 1265 vis
877 1202 980 1266 Lunoe

274 1306 474 1390 multiplicari
500 1306 641 1370 deberet.
691 1307 851 1384 Quoniam
876 1321 981 1373 eutem

276 1414 410 1479 Lunae
431 1413 606 1477 meridiano
627 1434 693 1477 non
716 1417 827 1499 procul
841 1416 979 1495 distabit,

275 1670 326 1734 me
343 1631 429 1737 ἕξ
439 1632 506 1769 478„
522 1666 714 1737 obtinebitur
728 1670 786 1737 iste
800 1671 887 1736 velor
904 1670 935 1735 N
946 1700 981 1729 =

341 1732 467 1797 b³a

276 1840 608 2024 {firi-{ffigb
630 1884 683 1966 qui
705 1883 738 1945 in
758 1861 881 1989 tenipus
903 1906 978 1948 eon·
1108 1858 1111 1866 Ι

275 2068 385 2111 versus
399 2046 487 2111 debit
501 2050 650 2134 temporis
662 2054 809 2138 spatium,
825 2078 983 2142 quosque

275 2166 350 2237 1³¹¹sst
371 2154 538 2221 mltum
568 2158 671 2223 laune
697 2181 756 2246 per
780 2163 988 2227 meridianum
1017 2160 1186 2227 mexitnam
1213 2155 1409 2223 altitudinem
1434 2152 1566 2239 attingit.

280 2298 735 2393 SubsequetoreergoeritN
753 2335 790 2364 =
812 2271 941 2433 ἯΓΗ,
965 2306 1007 2372 ob
1034 2308 1339 2389 P=oetp=13
1362 2299 1567 2387 quareside·

275 2470 461 2546 “limium
481 2476 682 2543 luminariten
696 2480 746 2545 vel
767 2479 968 2566 negligantur
982 2480 1031 2543 vel
1045 2478 1180 2567 equales
1195 2486 1401 2550 assmnantur,
1425 2473 1468 2535 ita
1483 2484 1518 2535 ut
1531 2472 1568 2533 sit

277 2642 377 2708 qq=
388 2644 406 2685 Γ
416 2646 441 2701 ¹⁹2
457 2622 514 2688 fiet
524 2624 603 2693 N=
614 2587 693 2704 T-t,
710 2629 796 2711 cujus
811 2608 1019 2710 expressionis
1035 2624 1122 2689 valor
1137 2636 1222 2692 extet
1233 2622 1387 2685 maximus
1399 2620 1426 2683 si
1436 2617 1567 2705 angulus

636 2700 657 2754 4

280 2792 322 2859 M
337 2792 364 2857 P
379 2794 410 2859 L
431 2794 471 2860 sit
485 2794 550 2860 45⁰.
570 2820 634 2883 quo
655 2820 729 2863 oaeu
751 2800 811 2863 erit
834 2800 866 2863 N
880 2827 916 2855 =
930 2802 961 2881 ᾗ,
985 2813 1017 2864 et
1038 2799 1170 2886 ungulus
1193 2794 1384 2881 respondens
1398 2823 1434 2851 =
1450 2792 1494 2863 7⁰.
1512 2795 1566 2857 11‘.

279 2900 333 2986 qui
347 2900 467 2966 indicat
480 2925 594 2989 equam
605 2927 763 2969 summm
778 2915 820 2971 80
835 2907 963 2971 minutis
977 2918 1050 2991 post
1069 2906 1232 2971 transitum
1248 2903 1349 2967 Lunae
1370 2924 1429 2986 per
1444 2900 1566 2965 meridi-

279 3026 376 3069 anum
393 3008 576 3095 oontiugere
595 3011 730 3077 debere:
754 3013 946 3099 totidemque
960 3014 1087 3078 minutis
1102 3036 1184 3098 aque
1197 3024 1270 3075 ante
1285 3011 1451 3074 transitum
1468 3009 1564 3073 Lunae

278 3132 338 3199 pu·
350 3116 557 3181 meridianum
569 3120 707 3183 maxime
720 3121 781 3185 erit
794 3122 924 3198 elevate,
948 3122 974 3185 si
993 3122 1048 3185 Sol
1063 3135 1129 3185 tum
1145 3118 1252 3185 vereris
1267 3140 1412 3183 occasum
1428 3130 1564 3183 versettu

279 3221 397 3308 angulo
420 3222 461 3287 Μ
479 3222 508 3287 P
523 3222 601 3287 L=
615 3228 805 3291 semi-reete.
850 3228 1067 3303 Quamobrem
1082 3229 1109 3291 si
1131 3227 1222 3291 Luna
1237 3224 1278 3289 ad
1292 3224 1501 3292 meridianum
1514 3246 1566 3309 ep·

278 3327 377 3415 pellet
401 3328 586 3395 horel-noni
611 3333 677 3401 sive
700 3334 853 3399 aututini
881 3336 944 3399 sive
966 3333 1191 3420 pomeridisui,
1218 3333 1323 3397 fluxus
1348 3331 1478 3397 demum
1499 3346 1565 3418 post

279 3437 485 3504 remi-horam
500 3440 631 3520 eveniet,
646 3454 680 3506 at
693 3442 720 3507 si
734 3442 814 3507 bord
828 3444 920 3509 tertid
935 3444 1074 3529 appellat
1090 3444 1183 3508 Luna
1196 3442 1238 3507 ed
1251 3442 1469 3521 meridianum,
1490 3464 1566 3531 eque

280 3568 404 3615 summa
418 3553 480 3614 ΒΨ.
496 3551 569 3615 ente
581 3553 814 3619 observabitur:
837 3557 871 3620 in
885 3556 952 3621 aliis
962 3557 1038 3621 verb
1051 3558 1161 3622 Terrae
1175 3556 1355 3645 regionibus
1370 3558 1431 3621 iste
1445 3557 1565 3621 eberm-

280 3658 325 3724 tio
339 3660 439 3747 magis
454 3672 501 3725 est
521 3661 722 3750 irregularis,
743 3665 870 3729 interim
892 3678 997 3730 manen
1012 3667 1086 3731 setis
1099 3688 1199 3752 prope
1215 3688 1256 3729 ex
1270 3664 1401 3730 formidat
1418 3664 1492 3729 dete
1513 3685 1565 3749 per

280 3767 380 3835 solem
394 3768 633 3833 estimationem
645 3785 750 3855 potest
762 3771 897 3837 deliniri.

205 3913 208 3936 2
323 3883 348 3961 ᾗ.
362 3888 416 3944 64.
439 3879 538 3955 Quod
554 3882 579 3944 sl
593 3881 794 3947 autem-‘benc
808 3905 875 3946 rem
889 3880 1027 3949 eunetids
1042 3882 1227 3971 investigare
1241 3882 1381 3959 velimus,
1405 3882 1566 3945 amborum

280 3988 483 4053 luntirrarium
496 3990 720 4057 declinationes
734 4014 800 4056 non
820 4014 882 4076 pro
903 3992 1032 4059 arbitrio
1048 3992 1168 4079 lingere
1188 3991 1271 4069 lieet,
1293 3992 1433 4075 pendent
1446 3992 1567 4073 enims

282 4116 315 4159 ee
328 4082 591 4163 mutuo'nmxtme
604 4100 647 4163 ob
662 4099 812 4186 angulum
826 4098 989 4163 horarium
1005 4099 1044 4163 M
1061 4099 1089 4164 P
1104 4100 1134 4163 L
1148 4100 1230 4164 inter
1241 4122 1282 4163 ee
1303 4099 1501 4183 interjectum
1514 4096 1567 4161 da·

280 4212 367 4265 trum
390 4204 534 4291 utigitur
554 4227 615 4290 pro
628 4206 705 4271 dett
724 4207 826 4271 Lame
846 4206 938 4291 phesi
959 4206 1186 4271 aberrationem
1200 4206 1348 4272 mexbnoe
1363 4228 1455 4291 equae
1469 4204 1566 4269 eleve-

281 4307 376 4371 tionis
390 4332 409 4371 e
424 4314 556 4377 transitu
577 4313 681 4377 Lunae
701 4334 759 4397 per
772 4314 980 4377 meridianum
994 4312 1245 4391 determinemus,
1261 4326 1465 4399 representet
1478 4312 1565 4375 nobis

282 4414 417 4483 stimulus
433 4420 459 4483 Z
475 4420 504 4484 B
521 4421 553 4484 N
569 4422 598 4485 C
612 4422 789 4486 verticelem
803 4422 998 4507 primarium,
1017 4422 1046 4485 B
1062 4420 1092 4487 C
1112 4422 1317 4499 horizontem,
1335 4421 1362 4487 Z
1376 4421 1410 4485 N
1423 4420 1565 4485 meridie·

282 4546 360 4592 num
372 4548 431 4610 per
445 4526 509 4591 dati
524 4530 586 4593 loci
599 4530 703 4595 zenith
719 4532 746 4595 Z
760 4545 792 4595 et
806 4530 897 4595 nedir
912 4530 945 4593 N
960 4529 1101 4625 ductum,
1118 4544 1211 4620 atque
1226 4547 1367 4617 mquator
1381 4532 1422 4594 sit
1438 4530 1466 4594 B
1483 4532 1516 4595 A,
1529 4528 1565 4605 C,

278 4633 375 4721 polus
390 4634 533 4699 australis
547 4658 579 4721 p,
603 4650 636 4700 et
656 4618 799 4723 ecliptica
819 4650 845 4693 11
862 4652 895 4693 ὑ
917 4648 960 4701 ⁴⁴.
1007 4637 1203 4705 Constitutus
1225 4660 1309 4705 nunc
1323 4640 1365 4705 sit
1381 4636 1436 4703 Sel
1451 4638 1484 4701 in
1501 4638 1567 4701 Set
