3384 5459
537 446 600 513 ET
622 444 877 511 REFLUXUS
900 432 1060 511 Multus.

662 663 837 729 LEMMA
864 664 928 728 111.

193 834 354 901 Ponamus
374 821 554 921 particulas
567 858 735 920 corporum
756 835 865 901 vermis
887 859 920 900 se
940 836 1050 901 mutuo
1070 836 1223 923 gravitate
1244 837 1360 901 viribus
1379 836 1434 902 de·

145 946 361 1009 cresoentibus
384 946 417 1009 in
438 944 561 1009 inversi
576 945 732 1029 duplicati
748 947 869 1011 ratione
883 946 1097 1011 distantiarum
1112 971 1131 1010 a
1145 968 1178 1011 se
1192 946 1333 1025 invicem,
1357 947 1435 1011 sint-

146 1052 758 1140 quePAEaPBFbsimilespy-

146 1158 281 1222 rmnides
296 1159 347 1222 vel
360 1162 432 1223 coni
454 1183 493 1224 ex
509 1162 637 1225 materiai
651 1161 758 1247 hujus-

146 1265 235 1328 modi
248 1264 442 1353 homogenela
454 1270 627 1353 compositi,
639 1271 759 1356 eritque

146 1374 283 1458 gravitas
311 1375 473 1458 particulae
504 1371 532 1441 P
560 1378 593 1439 in
623 1378 757 1442 solidum
802 1332 835 1397 P
875 1369 879 1370 ⁷

147 1476 343 1542 PAEaad
352 1481 536 1566 gravitatem
546 1482 685 1566 ejusdem
693 1506 767 1567 par·
898 1510 903 1519 ·
1435 1512 1444 1531 ν

145 1584 252 1647 ticulae
265 1586 298 1647 in
313 1585 450 1665 solidum
465 1587 492 1650 P
509 1587 538 1650 B
555 1586 582 1651 F
596 1588 617 1651 b
632 1600 668 1652 ut
682 1588 753 1653 ΡΑ
763 1589 804 1653 ad
820 1588 898 1666 PB,
913 1588 963 1651 vel
977 1600 1012 1651 ut
1024 1585 1194 1676 homologa
1203 1588 1320 1675 quaevis
1335 1589 1434 1654 latera

148 1692 264 1757 horum
279 1693 459 1758 solidorum.

194 1803 341 1867 Gravitas
355 1805 440 1867 enim
453 1805 615 1889 particulae
639 1805 666 1870 P
680 1806 713 1867 in
728 1802 925 1888 superficiem
939 1801 1078 1890 quamvis
1093 1804 1125 1867 A
1140 1802 1170 1869 E
1184 1826 1204 1867 a
1219 1805 1249 1868 A
1271 1816 1388 1889 puncto
1405 1804 1433 1869 P

144 1912 377 1976 conoentricam
399 1924 447 1976 est
467 1926 504 1977 ut
525 1914 704 1998 superficies
724 1913 796 1977 lueo
816 1910 933 1991 direetd
948 1924 980 1975 et
993 1910 1179 1997 quadratum
1192 1910 1273 1975 radii
1295 1911 1323 1976 P
1338 1913 1368 1975 A
1383 1912 1432 1975 iu·

113 2000 120 2011 ’
144 2016 245 2093 verse,
262 2017 406 2103 adeoque
420 2030 468 2081 est
482 2040 606 2104 semper
620 2019 730 2083 eadem
743 2019 776 2083 in
790 2011 899 2105 quivis
913 2017 1058 2081 distantiis
1075 2016 1103 2080 P
1117 2017 1159 2081 A.
1204 2016 1311 2092 Quare
1329 2018 1434 2104 gravi·

142 2136 193 2187 tas
207 2122 369 2205 particulae
385 2124 413 2188 P
427 2122 536 2187 verslrs
550 2136 651 2189 totum
665 2124 800 2188 solidum
816 2123 844 2187 P
856 2125 887 2188 Α
899 2124 956 2187 Ea
969 2123 1029 2186 erit
1042 2122 1083 2187 ad
1097 2122 1280 2211 gravitatem
1294 2125 1432 2208 ejusdem

142 2230 308 2314 particulae
323 2230 431 2295 versris
446 2243 547 2295 totum
562 2231 698 2295 solidum
713 2230 853 2296 PBFb
867 2243 903 2294 ut
918 2229 989 2294 ΡΑ
1004 2228 1045 2292 ad
1060 2228 1088 2293 P
1101 2228 1139 2292 Β.

194 2340 264 2403 Cor.
282 2349 311 2404 1.
338 2340 427 2404 Hino
441 2340 607 2427 gravitates
621 2340 735 2426 quibus
746 2336 909 2423 particulae
924 2336 1064 2401 similiter
1078 2336 1145 2399 sitae
1160 2346 1303 2420 respectu
1319 2332 1433 2398 solido-

142 2466 217 2509 rum
232 2445 381 2508 similium
398 2456 430 2509 et
443 2444 709 2533 homogeneorum
722 2445 831 2509 rerslrs
844 2444 914 2507 haec
929 2442 1029 2507 solida
1048 2454 1208 2527 urgentur,
1230 2454 1302 2505 sunt
1322 2453 1356 2504 ut
1370 2440 1433 2505 dis-

144 2553 253 2616 tantia
273 2551 499 2637 particularum
521 2576 540 2616 a
560 2553 684 2636 punctis
705 2553 847 2616 similiter
861 2552 927 2617 sitis
949 2550 982 2613 in
1004 2550 1077 2635 ipsis
1093 2548 1209 2627 solidis,
1225 2549 1273 2613 vel
1287 2562 1323 2614 ut
1337 2550 1435 2614 latera

143 2660 262 2747 quaevis
284 2658 456 2723 solidorum
477 2658 655 2747 homologa.
700 2660 828 2743 Quippe
849 2658 919 2721 haec
940 2656 1040 2721 solida
1057 2656 1170 2719 resolvi
1191 2667 1322 2741 possunt
1336 2656 1369 2719 in
1391 2657 1433 2720 si-

141 2764 232 2829 miles
249 2787 346 2829 conos
364 2764 415 2827 rel
438 2764 625 2851 pyramides,
648 2766 698 2829 vel
718 2764 830 2829 similia
851 2762 965 2827 horum
979 2760 1085 2839 frusta,
1108 2782 1178 2847 quae
1192 2760 1322 2825 vertices
1335 2760 1433 2826 habe-

140 2873 222 2936 bunt
235 2874 269 2937 in
281 2871 443 2957 particulis
460 2872 694 2958 gravitautibus.

190 2983 259 3046 Cor.
291 2990 322 3044 2.
361 2981 451 3045 Hinc
481 2982 575 3044 etiam
603 2980 693 3046 facile
722 2981 862 3067 sequitur

144 3088 193 3173 (⁸)
226 3088 313 3174 quod
341 3088 368 3153 si
398 3088 533 3151 annulus
562 3090 725 3175 ellipticus,
755 3088 865 3177 liguris

143 3198 297 3261 similibus
320 3196 470 3273 DBab,
498 3196 597 3261 Dnd
612 3194 646 3261 N
670 3197 862 3274 terminatus,

142 3306 226 3371 cirsai
241 3330 333 3371 axem
348 3307 532 3371 alterutrum
552 3304 739 3381 resolvatur,
761 3304 866 3391 gravi-

141 3428 241 3479 tatem
255 3415 440 3500 particulae
431 3426 514 3477 rutra
524 3410 694 3476 solidum'
670 3431 715 3472 src
724 3409 865 3495 genitum

144 3525 225 3601 sitae,
248 3523 322 3587 rel
313 3543 346 3586 m
363 3521 502 3586 interiori
517 3521 582 3605 ejus
597 3514 761 3601 superficie
778 3513 864 3598 posi-

142 3643 196 3708 tae,
212 3628 321 3695 vereris
336 3630 398 3694 hoo
412 3629 546 3693 solidum
561 3646 764 3700 evanesoere3
785 3644 864 3709 quo-

143 3740 229 3802 niam
242 3740 270 3803 si
284 3754 369 3804 recta
379 3739 497 3825 quaevis
508 3734 668 3819 ellipsibus
683 3731 804 3795 hisce
779 3732 865 3794 simi·
914 3762 918 3769 ·

141 3848 225 3912 libus
240 3860 272 3911 et
286 3846 426 3911 similiter
439 3844 548 3929 positis
563 3854 717 3917 occurrat,
732 3839 865 3925 aqualia
925 3857 993 3943 zr

143 3977 267 4039 semper
291 3965 383 4019 erunt
408 3966 502 4016 rectae
533 3961 692 4038 segmenta
721 3960 862 4011 extrema

144 4084 215 4147 quae
230 4062 271 4124 ab
287 4061 446 4145 ellipsibus
460 4058 702 4141 intercipiuntur
711 4059 760 4139 (ut
773 4052 863 4117 facile

144 4171 321 4236 ostenditur
341 4193 382 4235 ex
407 4169 519 4234 naturai
542 4169 654 4233 harum
677 4160 863 4253 figurarum)

143 4278 286 4364 adeoque
300 4279 382 4341 vires
396 4277 531 4363 aequales
545 4288 578 4341 et
587 4272 741 4360 oppositae
754 4272 788 4333 in
801 4268 864 4333 hoc

142 4406 217 4449 casu
232 4408 266 4448 se
279 4382 389 4448 mutud
404 4383 576 4447 destruent.
622 4380 710 4445 Hinc
724 4376 799 4441 vero
815 4398 864 4439 se-

141 4494 248 4572 quitur
259 4490 344 4578 qudd
355 4492 424 4555 si‘A
438 4488 527 4555 Bab
538 4490 578 4553 sit
588 4486 739 4573 sphaerois
753 4484 859 4571 genita

497 4697 537 4763 (ο)
550 4698 606 4749 ma
620 4699 698 4749 rra-a
713 4700 766 4749 rm
782 4701 802 4749 r.
818 4701 890 4764 amr.
905 4703 978 4754 xer.
1000 4704 1053 4755 cor.
1066 4713 1091 4758 s.
