3384 5459
265 427 363 493 xxviii
746 416 1081 487 INTRODUCTIO
1367 418 1485 500 [Cn.
1501 422 1545 487 11.

264 599 398 686 angulus
414 598 441 665 P
456 599 489 665 A
504 598 545 678 Τ,
562 596 668 685 anguli
683 596 712 660 C
728 596 759 660 A
775 595 803 660 P
817 590 1135 697 complementumped
1148 590 1229 658 duos
1243 603 1355 670 rectos,
1370 593 1545 680 eodemque

262 708 358 773 modo
371 730 428 793 per
442 708 689 773 observationem
703 706 737 769 in
750 704 820 769 looo
832 704 862 768 B
875 702 988 767 foetam
1001 700 1159 766 invenitur
1172 700 1306 789 ongulus
1319 702 1347 769 P
1360 703 1390 767 B
1401 693 1442 769 T.
1480 705 1544 774 Sed

262 815 336 879 doto
358 836 433 879 arcu
454 814 590 891 ADB,
613 813 706 877 datur
725 808 1043 899 angulusATBet

209 920 213 927 ’
263 922 338 987 hinc
363 923 396 985 in
421 922 578 1011 triangulo
603 920 733 985 isosoele
755 921 786 985 A
811 918 844 985 T
868 918 908 996 B,
930 917 1047 983 dantur

262 1030 370 1117 anguli
390 1032 526 1117 aequales
547 1030 581 1094 T
603 1030 634 1094 A
655 1029 733 1093 Bet
748 1027 824 1093 ΤΒ
851 1027 893 1091 Α.
938 1024 1048 1102 Quare

264 1136 379 1201 dantur
404 1136 497 1201 etiem
521 1136 556 1199 in
580 1133 737 1222 triangulo
760 1131 845 1198 AB
873 1132 911 1210 P,
936 1130 1045 1219 anguli

264 1243 442 1321 PAB‚et
465 1243 492 1307 P
515 1244 683 1330 BAquos
704 1243 803 1307 latera
825 1241 952 1308 PAet
974 1238 1046 1304 PB
1126 1224 1130 1232 ¹

262 1350 400 1414 efficiunt
421 1370 494 1413 cum
515 1347 634 1413 chordfi
651 1348 681 1411 A
698 1348 737 1413 B.
781 1345 871 1435 Ergo
891 1346 1046 1435 tfiangoln

262 1454 1046 1546 dquBTetABPdanmrspecieac

261 1564 394 1651 proinde
419 1564 512 1629 detur
535 1566 616 1629 ratio
639 1563 668 1628 P
690 1563 719 1627 B
744 1562 785 1627 ad
809 1563 837 1627 B
860 1561 901 1640 T,
922 1575 954 1637 et
970 1563 1045 1650 quio

261 1670 342 1739 detis
357 1672 478 1763 angulis
494 1674 526 1738 A
542 1672 571 1739 B
585 1673 619 1737 T
632 1684 664 1738 et
678 1670 750 1736 AB
763 1671 790 1736 P
805 1670 899 1735 datur
911 1670 1044 1759 angulus

264 1780 292 1844 P
309 1780 338 1845 B
353 1780 394 1857 T,
418 1776 510 1845 ducffi
525 1774 612 1843 reoffi
628 1778 657 1842 P
672 1776 712 1854 T,
728 1775 887 1841 dabuntur
900 1775 933 1839 in
947 1776 1043 1841 trien·

258 1882 1045 1975 guloPTB,angulusTBP,etratioloterum

260 1994 292 2058 T
303 1993 331 2058 B
346 2005 377 2058 et
393 1993 422 2058 B
432 1994 470 2072 P,
483 1992 576 2081 atque
586 1992 659 2059 ideo
669 1990 859 2081 triangulum
869 1990 930 2056 hoo
940 1992 1043 2078 specie

259 2100 393 2165 dabitur.
425 2102 602 2167 Innotesoet
613 2100 783 2189 igiturtum
794 2098 927 2187 angulus
936 2100 1039 2185 paral-

257 2208 385 2275 lucrinus
401 2210 430 2275 B
447 2210 474 2277 P
489 2210 530 2289 T,
545 2207 614 2275 tom
627 2209 773 2274 distantia
795 2208 879 2288 PT,
899 2230 956 2275 seu
968 2210 1035 2296 q'us
1680 2267 1681 2302 ἢ

257 2316 338 2381 ratio
362 2317 404 2381 od
427 2317 546 2383 telluris
569 2325 677 2382 notam
701 2316 975 2383 semidiametrum.
1035 2316 1111 2382 Hoc
1133 2316 1230 2405 igitur
1257 2314 1379 2381 ratione
1407 2316 1541 2383 inveniri
1680 2373 1681 2396 ff

257 2436 361 2507 potest
380 2426 548 2510 perallexis
569 2425 678 2492 sideris
700 2439 754 2491 aut
774 2426 974 2513 phaenomeni
995 2426 1045 2491 vel
1065 2426 1251 2513 quiesoentis
1264 2426 1314 2491 vel
1327 2426 1439 2492 utlibet
1451 2429 1540 2493 moti.

259 2532 379 2597 Verfim
400 2535 570 2600 astronomi
589 2536 778 2601 recentiores
798 2535 904 2620 plures
925 2536 1111 2600 invenerunt
1123 2535 1288 2601 methodos
1301 2537 1414 2624 quibus
1427 2537 1540 2601 unicus

257 2639 436 2705 observator
457 2642 490 2705 in
509 2641 620 2707 eodem
634 2640 706 2707 loeo
719 2664 849 2707 monens
863 2640 1001 2707 siderum
1015 2655 1104 2706 motu
1118 2641 1233 2707 diurno
1245 2664 1283 2706 ac
1297 2644 1426 2728 proprio
1439 2644 1541 2731 egita·

257 2758 361 2811 torum
385 2750 561 2834 parallaxes
584 2764 688 2836 potest
710 2752 927 2817 determinare.
971 2750 1025 2817 De
1050 2750 1110 2831 his,
1134 2752 1189 2817 ubi
1213 2774 1232 2817 e
1257 2775 1293 2817 re
1313 2752 1414 2819 visum
1434 2752 1538 2848 fuen'q
1682 2787 1683 2792 ¹

259 2854 408 2921 dicemus.
455 2857 528 2921 Vid.
548 2858 640 2924 Keill.
656 2860 689 2923 in
705 2860 941 2925 Introductione
954 2858 996 2923 ad
1010 2860 1128 2925 Veram
1142 2860 1383 2926 Astronomiom.
