3384 5459
126 452 200 518 Cin.
219 452 281 533 11.]
496 456 562 520 AD
585 454 807 521 TERTIUM
831 456 1029 524 LIBRUM.

636 989 811 1065 CAPUT
837 990 890 1063 11.

254 1278 414 1351 Sedenim
429 1274 592 1369 resractio
608 1288 644 1351 et
653 1280 846 1374 paratinis
863 1280 1012 1353 breviter
1026 1279 1253 1374 explicantur.

124 1572 171 1629 23.
192 1538 262 1635 Srr
284 1562 325 1626 Μ
348 1560 380 1625 Ν
400 1560 495 1647 plana
516 1564 696 1649 superficies
716 1564 779 1653 qui
801 1518 864 1631 nir·
876 1566 977 1631 rarior
999 1564 1039 1633 M
1055 1564 1087 1631 Ο
1103 1564 1131 1631 Ρ
1146 1564 1179 1629 Ν
1198 1566 1301 1629 aiirem
1320 1561 1398 1627 den·

124 1670 230 1735 siorem
254 1668 417 1757 contingit.
464 1670 584 1737 Radius
611 1670 690 1737 lucis
714 1694 772 1757 per
796 1682 915 1737 rectam
940 1672 972 1737 A
995 1672 1024 1737 C
1043 1682 1235 1759 propagatus
1260 1690 1302 1735 ex
1325 1671 1399 1733 ni're

123 3682 224 3751 rarioii
245 3686 280 3751 in
301 3684 477 3749 densiorem
491 3678 616 3767 obliqui
631 3688 769 3745 transeat
787 3699 844 3763 per
864 3688 1017 3763 punctum
1034 3679 1062 3743 C
1076 3690 1108 3744 et
1121 3677 1195 3745 indi
1209 3679 1326 3747 ferant
1338 3705 1397 3769 per

124 3792 196 3873 CF,
217 3816 276 3881 per
293 3793 322 3858 C
342 3792 474 3857 ducatur
498 3788 625 3855 BEnd
647 3786 687 3853 M
710 3784 742 3851 N
762 3785 1038 3873 perpendicularis,
1061 3789 1250 3873 experientifi
1276 3804 1396 3857 certum

126 3910 167 3963 est
185 3900 308 3965 radium
331 3901 362 3964 A
385 3898 413 3962 C
434 3896 468 3961 in
490 3897 561 3959 aiire
582 3892 720 3958 densiori
740 3914 805 3956 non
826 3892 995 3980 propagari
1008 3914 1066 3979 per
1079 3908 1196 3959 rectam
1217 3899 1396 3965 continuam
1413 3967 1416 3972 ,

125 4006 154 4069 A
167 4007 194 4071 C
206 4008 252 4086 D,
276 4005 331 4070 sed
352 4006 385 4068 in
399 4015 517 4090 puncto
533 4003 561 4067 C
575 3998 619 4065 ita
635 3998 770 4087 refrnngi
784 4020 841 4085 per
857 4000 886 4064 C
901 3998 930 4064 F
945 3998 1123 4065 medendo
1136 4000 1176 4065 ud
1189 4006 1396 4089 perpendicu.

122 4109 211 4175 larem
227 4112 257 4177 B
273 4110 354 4188 ΟΕ,
370 4122 406 4175 ut
427 4110 513 4175 sinus
527 4108 635 4197 anguli
649 4106 783 4191 cujusvis
799 4107 830 4171 A
843 4106 914 4171 CB
928 4106 969 4171 sit
982 4128 1105 4193 semper
1117 4106 1158 4172 nd
1172 4109 1276 4190 simun
1289 4116 1396 4201 anguli

123 4216 148 4281 E
169 4220 196 4283 C
218 4220 245 4283 F
266 4218 300 4281 in
320 4216 393 4282 dati·
415 4216 543 4282 ratione.
589 4216 618 4278 A
637 4213 793 4279 Cdicitur
807 4212 914 4278 radius
927 4212 1077 4293 incidens,
1104 4213 1132 4279 C
1153 4229 1303 4301 punctum
1317 4220 1396 4283 inci.

122 4322 238 4403 dentiae,
257 4325 286 4390 C
298 4324 325 4389 F
341 4324 446 4389 radius
460 4322 622 4399 refractus,
636 4321 667 4385 A
680 4320 708 4385 C
720 4318 749 4384 B
764 4320 898 4409 angulus
912 4318 1129 4400 inclinationis,
1141 4320 1172 4388 Ε
1183 4322 1213 4388 C
1225 4322 1395 4410 Fangulus

122 4433 273 4513 refractus,
290 4446 321 4501 et
335 4435 369 4501 D
386 4434 414 4499 C
429 4434 457 4499 F
473 4431 605 4521 angulus
620 4428 811 4495 refractionis

736 4773 774 4821 bn
