3384 5459
249 426 313 485 296
498 415 765 496 INQUISITIO
789 412 994 481 PHYSICA
1017 412 1067 477 IN
1090 404 1285 477 CAUSAM

247 592 355 679 regula
369 592 544 675 superiora
558 590 703 657 distantiri
726 589 808 656 Solis
822 612 842 653 a
856 588 1028 653 meridiano
1049 585 1146 671 petita
1160 583 1252 647 simul
1265 582 1306 647 ad
1321 580 1529 645 differentiam

247 699 490 763 assensionalem
506 700 587 764 Solis
602 712 635 763 et
649 699 751 763 Lunoe
764 710 869 783 potest
879 695 1116 773 accommodari,
1133 695 1177 757 ita
1186 705 1222 756 ut
1232 704 1355 757 maneat
1368 691 1529 755 invariata.

249 806 313 872 Sed
327 806 369 870 ad
381 826 519 891 praesens
533 806 718 884 institutum,
731 828 794 891 quo
807 817 929 869 tantum
940 803 1099 867 veritatem
1111 822 1214 865 causae
1224 800 1328 863 fluxos
1339 820 1376 862 ac
1391 800 1530 863 refluxivs

246 912 340 975 maris
355 912 503 977 exhibite
517 911 677 977 declarare
692 910 872 988 annitimur,
894 930 959 973 non
974 930 1053 994 opus
1068 918 1116 971 est
1129 906 1198 971 haec
1216 905 1358 991 pluribus
1373 904 1527 991 persequi,

247 1020 364 1108 qnippe
376 1041 447 1105 quae
460 1019 657 1104 potissimum
671 1019 712 1083 ad
727 1018 973 1083 accuratissimus
987 1014 1080 1080 oestvis
1094 1015 1206 1078 marini
1220 1014 1342 1079 tabulas
1357 1024 1528 1098 supputan-

247 1124 303 1189 das
316 1127 483 1210 pertinent,
495 1144 627 1211 quoeres
641 1129 675 1191 in
688 1126 847 1213 propositi
860 1126 1031 1211 quastione
1045 1123 1260 1189 illustrissime
1272 1122 1452 1187 Academiae
1462 1142 1528 1185 non

248 1232 400 1297 contineri
414 1232 546 1297 videtur.

793 1528 973 1551 mm

678 1755 853 1831 CAPUT
878 1754 1102 1829 SEXTUM.

365 1976 426 2049 De
441 1998 524 2050 vcro
540 1988 626 2050 (τείν
642 1978 774 2063 Maris,
799 1988 964 2073 quatenus
979 1977 1003 2051 ci
1021 1980 1144 2053 Terris
1159 1998 1228 2051 non
1244 1978 1414 2049 trabatur.

246 2229 270 2305 h
287 2232 338 2292 71.
355 2198 469 2313 Qum
483 2224 634 2289 hactenus
648 2248 689 2290 ex
703 2226 820 2290 viribus
838 2227 920 2291 Solis
935 2250 971 2291 ac
987 2228 1087 2291 Lunae
1102 2227 1185 2291 circa
1199 2237 1309 2289 aestum
1325 2222 1419 2287 maris
1433 2218 1529 2285 fusivis

246 2328 444 2408 deduximus,
460 2326 497 2394 eri
512 2328 677 2416 hypothesi
692 2332 842 2408 nituntur,
859 2332 1004 2408 assumti,
1028 2355 1090 2418 qua
1108 2352 1220 2416 aquam
1235 2330 1356 2393 inertiae
1371 2340 1529 2413 expertem

245 2436 424 2520 posuimus:
448 2438 650 2522 quamobrem
671 2459 737 2501 non
759 2450 806 2502 est
826 2438 1005 2501 mirandum
1027 2438 1052 2501 si
1074 2435 1214 2536 plerique
1237 2437 1363 2500 effectus
1383 2434 1529 2521 assignati

245 2564 317 2605 cum
331 2542 545 2629 phaenomenis
560 2541 663 2606 mimis
677 2555 861 2631 congruant,
884 2555 978 2630 atque
993 2542 1071 2607 adeo
1086 2564 1227 2629 pugnare
1241 2542 1406 2604 videantur
1414 2564 1423 2617 3
1446 2536 1530 2625 qubd

245 2650 371 2715 sienim
389 2652 472 2715 inter
486 2674 519 2715 se
539 2672 668 2735 prorsus
683 2654 893 2730 convenirent,
916 2652 1037 2717 theoria
1052 2675 1116 2716 non
1132 2650 1230 2717 sollum
1247 2672 1311 2715 non
1326 2674 1363 2714 eo
1379 2670 1529 2713 consensu

246 2760 492 2839 confirmaretur,
509 2760 564 2825 sed
579 2760 683 2846 potiris
698 2763 826 2825 omnino
837 2762 1076 2841 subverteretur,
1093 2759 1165 2824 crim
1179 2756 1308 2846 quilibet
1318 2758 1407 2822 facile
1418 2778 1530 2844 agnos-

245 2876 295 2929 cat
316 2866 358 2929 ob
379 2888 469 2951 aquoe
490 2867 636 2931 inertiam-
654 2866 961 2932 determinationibus
983 2866 1129 2932 exhibitis
1151 2867 1310 2954 ingentem
1325 2865 1526 2928 mutationem

245 2972 353 3037 inferri
367 2975 490 3039 debere.
535 2974 618 3050 Quae
632 2988 735 3039 autem
750 2998 790 3039 ex
804 2976 945 3040 deductis
961 2974 1211 3039 conclusionibus
1226 2972 1362 3036 maxime
1376 2972 1417 3036 ab
1431 2993 1525 3055 expe·

246 3076 357 3141 rientit
377 3078 575 3156 dissentiunt,
599 3081 793 3164 potissimum
808 3082 1012 3167 quantitatem
1027 3080 1207 3145 elevationis
1222 3102 1311 3165 aquae
1327 3102 1364 3142 ac
1383 3077 1529 3161 temporis

246 3200 451 3265 momentum,
474 3211 537 3274 quo
558 3202 624 3252 tam
644 3211 766 3253 summa
785 3190 880 3253 maris
900 3188 1031 3253 elevatio
1046 3189 1139 3275 quim
1161 3190 1224 3251 ima
1238 3186 1397 3271 depressio
1411 3186 1529 3249 contin-

245 3316 321 3381 gere
346 3294 433 3372 solet,
459 3295 637 3380 respiciunt.
682 3294 846 3382 Nusquam
871 3297 956 3360 enim
981 3296 1035 3360 ubi
1062 3297 1190 3382 quidem
1215 3317 1301 3359 mare
1327 3306 1374 3357 est
1399 3293 1529 3358 liberum

246 3412 340 3487 atque
355 3412 506 3487 apertum,
524 3414 587 3466 tam
601 3402 750 3489 erigerum
764 3401 930 3467 discrimen
945 3404 1026 3467 inter
1040 3404 1160 3467 fluxum
1175 3424 1211 3466 ac
1226 3402 1381 3465 refluxum
1396 3402 1429 3463 in
1444 3424 1530 3487 aqua

247 3509 408 3575 altitudine
423 3511 614 3590 observatur,
630 3513 721 3599 quale
735 3510 768 3575 in
782 3512 1032 3597 praecedentibus
1046 3512 1254 3589 definivimus,
1271 3522 1406 3596 quatuor
1416 3510 1533 3573 scilicet

191 3627 200 3643 ’
247 3619 364 3702 pedum
385 3633 523 3696 tantum3
546 3643 617 3706 quae
638 3621 768 3686 elevatio
790 3623 918 3707 insuper
939 3634 1044 3686 tamen
1058 3621 1194 3685 maxima
1208 3634 1256 3685 est
1269 3620 1473 3705 deprehensa,
1495 3642 1530 3683 ac

247 3741 316 3792 tum
337 3727 438 3792 soldm
459 3728 602 3807 orimrda,
619 3729 744 3816 quando
765 3742 833 3794 tum
854 3730 942 3818 regio
955 3752 1055 3815 prope
1068 3742 1258 3816 arquatorem
1281 3740 1328 3792 est
1349 3729 1416 3806 sita,
1440 3724 1530 3814 quim

248 3833 331 3896 vires
348 3834 547 3897 luminarium
567 3835 649 3899 inter
663 3858 696 3899 se
710 3834 845 3899 maxime
861 3838 1048 3922 conspirant.
1093 3826 1295 3921 Experientisi
1310 3858 1444 3920 navnque
1460 3856 1530 3899 con·

250 3949 321 4014 stat,
336 3936 495 4023 plerisque
508 3939 542 4000 in
555 3936 640 4016 locis,
663 3939 689 4002 si
709 3952 803 4003 aestus
818 3942 978 4029 contingat
992 3942 1155 4019 maximus,
1172 3962 1284 4026 aquam
1298 3961 1362 4003 non
1376 3938 1480 4004 soldm
1493 3938 1531 4003 ad

249 4044 444 4112 altitudinem
455 4048 553 4133 duplo
567 4051 725 4135 majorem,
742 4050 797 4114 sed
812 4050 906 4114 etiam
921 4050 1137 4137 quadmplam,
1159 4048 1223 4113 imb
1238 4048 1395 4112 nonnullis
1409 4049 1443 4111 in
1456 4045 1532 4118 locis

250 4150 329 4214 adeo
350 4152 514 4238 decuplam
535 4155 653 4232 attolli3
678 4178 855 4242 quanquam
877 4157 945 4220 haec
968 4158 1102 4220 enormis
1117 4156 1246 4221 elevatio
1261 4175 1324 4220 non
1340 4156 1397 4220 soli
1415 4156 1534 4222 inerllae

250 4277 350 4342 aquus,
374 4259 428 4324 sed
450 4262 621 4325 maximam
641 4274 764 4345 partem
778 4263 880 4325 vicino
895 4264 1066 4327 continenti
1085 4284 1121 4327 ac
1135 4264 1275 4328 littomm
1289 4264 1362 4330 situi
1377 4276 1424 4331 est
1437 4264 1534 4328 utm-

251 4362 342 4441 enda‚
368 4365 415 4427 uti
439 4366 472 4427 in
498 4369 640 4454 sequenti
667 4368 779 4452 Capite
804 4369 972 4435 clarissime
999 4372 1232 4436 monstrabitur.
1287 4372 1414 4437 Deinde
1442 4372 1534 4437 etiarn

252 4474 338 4562 quod
352 4474 393 4538 ad
408 4486 530 4558 tempus
545 4478 664 4556 attinet,
687 4468 844 4564 nusquam
859 4480 920 4543 illis
940 4482 1013 4565 ipsis
1028 4482 1201 4559 momentis,
1218 4504 1289 4568 quoe
1304 4483 1534 4569 assignavimus,

251 4584 356 4649 fluxus
371 4604 409 4647 ac
423 4582 560 4648 refluxus
576 4608 714 4672 unquam
738 4587 932 4675 contingunt,
959 4608 1016 4651 nec
1039 4588 1130 4653 etiarn
1144 4590 1379 4674 tempestatibus
1392 4586 1446 4653 hic
1461 4587 1537 4653 defi·

252 4689 325 4753 uitis
346 4690 451 4755 fluxus
474 4690 603 4754 maximi
626 4692 675 4754 vel
702 4692 831 4769 minimi,
859 4694 915 4757 sed
937 4691 1054 4779 ubique
1074 4694 1193 4760 tardius
1216 4696 1340 4760 evenire
1360 4704 1538 4759 oonstanter
