3384 5459
457 569 1119 774 rnnuonuculo

632 852 818 925 ’un

505 1058 508 1065 ’
552 1086 798 1167 nuunun
823 1082 1032 1159 trauan

312 1354 811 1442 fuluosouurn
855 1319 1268 1433 nuncnunc

633 1578 684 1645 18.
708 1574 949 1645 NEWTONI.

699 1830 891 1855 mm

580 2016 754 2092 CAPUT
779 2014 1009 2093 PRIMUM.

147 2196 265 2280 Quale
288 2199 384 2272 onan
411 2202 503 2275 audo
527 2215 696 2297 appareat
720 2204 838 2279 nundi
864 2214 1010 2302 systema
1031 2200 1152 2298 paucio
1180 2201 1375 2296 cannata,
1401 2211 1437 2274 et

320 2319 438 2414 prima
454 2320 684 2393 Attroaomioe
698 2322 881 2394 Elementa
897 2324 1045 2395 breviter
1059 2330 1273 2395 revocantur.

151 2541 185 2597 1.
202 2499 357 2595 Frena
377 2526 496 2593 telluris
518 2540 566 2593 est
586 2527 815 2613 propemodum
836 2529 1000 2615 sphaerica,
1021 2543 1053 2597 et
1065 2528 1138 2593 idcir
1152 2528 1295 2617 gravium
1309 2528 1440 2597 directio

148 2648 299 2724 (utpote
322 2658 392 2722 quae
414 2656 565 2722 equarum
586 2637 796 2723 stagnantium
818 2638 992 2721 superficiei
1015 2636 1283 2721 perpendicularis
1308 2636 1369 2714 est)
1398 2636 1441 2703 ad

149 2756 298 2810 centrum
321 2756 415 2807 terrae
440 2742 540 2807 tendit
562 2764 656 2829 quam
678 2742 830 2826 proxime.
878 2744 969 2809 Patet
993 2764 1050 2827 per
1073 2743 1217 2826 Eclipaea
1241 2742 1384 2807 Lunares
1406 2743 1442 2807 in

154 2852 272 2939 quibus
288 2850 399 2913 umbra
412 2849 577 2928 terrestris,
601 2850 634 2913 iu
656 2870 883 2935 quamcumque
897 2849 969 2915 coeli
982 2850 1109 2937 plagunt
1122 2860 1242 2937 vergat,
1257 2866 1305 2913 est
1319 2871 1442 2936 semper

79 3004 82 3009 -
152 2962 199 3027 ad
214 2982 341 3027 sensum
355 2959 522 3038 οἱτεμῐετὶε.

183 3128 185 3133 ,
202 3074 232 3130 2.
250 3065 424 3159 Spectatori
439 3065 576 3129 terrestri
592 3063 705 3129 coelum
719 3075 849 3149 apparet
857 3075 1005 3151 tanquam
1014 3066 1193 3150 superficies
1204 3064 1357 3151 spherica
1366 3085 1442 3130 oon·

154 3198 244 3253 cava,
273 3176 370 3243 stellis
395 3174 537 3259 plurimis
564 3173 718 3248 distincta,
745 3175 832 3257 cujus
862 3172 930 3260 ipse
953 3188 1109 3259 spectator
1133 3189 1276 3240 connum
1299 3188 1442 3258 occupat,

157 3305 296 3371 quaeque
309 3279 393 3345 ciret
405 3292 523 3367 puncto
537 3278 602 3343 fixa
621 3277 679 3342 ceti
694 3278 835 3343 cardines
850 3280 892 3343 ab

157 3403 234 3455 ortu
255 3390 297 3454 ad
318 3410 464 3453 occasum
479 3386 673 3473 aequabiliter
688 3386 889 3465 convertitur,

157 3510 196 3565 et
209 3506 251 3563 24
266 3498 389 3562 circiter
403 3496 490 3559 horis
501 3495 654 3583 integram
665 3494 891 3559 revolutionem

160 3604 307 3671 absolvit.
361 3604 485 3668 Puncta
509 3601 562 3667 illa
592 3602 735 3687 opposita
759 3602 786 3667 P
811 3613 844 3667 et
867 3624 891 3687 p

162 3711 250 3779 circa
272 3734 351 3799 ‚qrroe
382 3712 479 3777 rotari
510 3710 633 3775 videtur
659 3708 792 3795 sphaera,
821 3712 893 3793 poti

160 3821 274 3885 mundi
289 3820 447 3899 dicuntur,
460 3842 593 3907 quorum
608 3819 701 3905 isqui
711 3818 801 3883 nobis
816 3840 892 3883 con·

162 3929 292 4015 spicuus
317 3941 373 4005 est,
398 3939 435 3992 ut
461 3926 498 4005 P,
525 3926 658 4012 arcticus
683 3927 730 3989 vel
757 3926 891 3993 borealia

167 4038 295 4114 dintiu,
318 4038 379 4121 ipsi
401 4035 476 4101 vero
493 4037 653 4121 oppositus
667 4058 690 4121 p
704 4037 891 4101 antarcticus
962 4076 985 4137 1,

160 4166 223 4209 scu
238 4143 379 4209 australis
393 4144 576 4229 appeliatur.
623 4142 723 4209 Recta
736 4142 818 4211 linea
830 4144 892 4229 Pp

161 4262 335 4338 utrumque
355 4251 465 4338 polum
490 4263 678 4317 connectens
698 4254 767 4319 auis
787 4252 893 4317 mundi

160 4369 305 4425 vocatu.
477 4354 481 4367 “

208 4468 365 4553 AEquaotor
379 4464 444 4533 aive
457 4466 677 4551 conmutatis
691 4478 738 4533 est
752 4470 886 4536 circulus
897 4471 1030 4557 ephaerae
1041 4474 1172 4541 coelectis
1185 4476 1339 4549 maximus
1353 4477 1439 4562 cujus

161 4572 232 4658 poli
245 4572 342 4639 iidem
355 4584 430 4642 sunt
444 4596 516 4645 cum
525 4574 606 4658 polit
621 4572 750 4652 mundi3
765 4578 958 4667 proindeque
969 4582 1121 4666 sphaeram
1131 4584 1318 4649 mundanam
1331 4585 1439 4649 dividit
