3384 5459
148 430 226 497 Cir.
240 428 321 511 HL]
521 432 588 498 AD
610 430 832 499 TERTIUM
856 430 1055 497 LIBRUM.
1343 452 1431 496 mr

146 614 240 668 reotae
263 604 346 670 Solis
368 608 462 669 etiam
482 590 676 692 [equabiliter
690 606 934 693 progrederetur
947 606 982 686 in
995 615 1155 690 oequatore
1168 606 1209 669 ab
1223 604 1387 669 occidente
1399 604 1434 667 iu
1539 626 1543 632 ·

146 710 307 789 orientem,
323 711 390 776 dies
408 712 533 778 Solares
546 734 603 777 seu
616 713 824 779 revolutiones
836 712 968 800 singulm
977 711 1086 797 puncti
1098 712 1132 777 D
1143 734 1162 775 a
1173 710 1291 777 circulo
1304 710 1437 778 horario

148 818 178 883 T
193 818 221 883 Z
239 818 282 882 ad
303 817 449 896 eundem,
473 830 578 887 essent
591 818 728 905 aequeles
743 832 774 883 et
788 830 912 903 tempus
927 839 1081 903 apparens
1095 840 1115 881 a
1129 818 1234 883 medio
1248 840 1313 883 non
1328 818 1435 883 differ·

146 934 202 987 ret
250 923 314 989 Sed
336 922 409 988 edm
430 936 535 989 motus
557 925 746 989 ascensionis
768 936 863 989 rectoe
877 924 922 1001 D,
938 923 1133 1011 inaequabilis
1147 924 1197 1002 sit,
1219 924 1287 1010 dies
1300 938 1333 990 et
1346 924 1435 989 horre

149 1032 275 1097 Solsres
293 1042 366 1096 sunt
379 1030 506 1118 quoque
521 1032 700 1118 inaequales.
735 1032 781 1097 At
793 1042 946 1116 punctum
961 1030 1012 1109 M,
1027 1030 1221 1117 aequabiliter
1234 1030 1436 1119 progreditur

146 1141 179 1204 iu
193 1150 352 1226 oequatore
373 1139 415 1203 ab
435 1154 549 1205 otcasu
563 1138 605 1203 ad
618 1150 733 1216 ortum,
749 1149 782 1202 et
796 1136 868 1203 ided
881 1150 986 1201 motus
999 1137 1082 1201 illius
1097 1138 1246 1201 oonstitui
1259 1122 1437 1223 potestpro

146 1244 291 1311 mensurii
311 1246 461 1330 temporis
479 1244 584 1309 medii.
630 1245 743 1331 Itaque
757 1244 924 1332 longitudo
939 1244 1021 1309 Solis
1035 1243 1139 1307 media
1154 1254 1185 1301 ‘t'
1214 1243 1292 1308 svel
1305 1243 1436 1329 aequalis

146 1368 193 1421 est
217 1356 393 1423 aseeruioni
414 1366 511 1421 restae
531 1366 564 1415 ‘n
587 1355 622 1421 D
642 1355 693 1419 vel
712 1354 748 1421 ei
770 1356 871 1439 major
892 1366 941 1419 eat
961 1365 1017 1419 aut
1030 1353 1144 1417 minor.
1187 1352 1227 1417 ln
1240 1351 1347 1437 primo
1360 1372 1436 1417 oasu
1468 1412 1471 1417 .

146 1464 355 1549 punctumM
370 1464 518 1531 coincidit
532 1486 604 1531 cum
617 1474 735 1549 puncto
750 1463 794 1541 D,
810 1464 846 1529 in
860 1462 1000 1528 seeundo
1014 1482 1087 1527 ensa
1102 1474 1149 1527 ost
1162 1458 1246 1527 ultrd
1259 1460 1304 1539 D,
1326 1458 1436 1527 versia

146 1572 298 1637 orientem
321 1584 353 1637 et
374 1572 408 1637 in
428 1572 523 1637 tertio
544 1592 618 1637 casu
640 1582 689 1637 est
708 1567 788 1635 citrei
809 1569 855 1647 D,
881 1566 988 1633 versis
1016 1567 1221 1633 occidentem.
1266 1566 1437 1652 Temporis

148 1676 284 1741 absoluti
303 1688 499 1743 momentum
519 1697 583 1764 quo
603 1688 757 1762 punctum
772 1675 823 1753 M,
839 1674 987 1741 coincidit
1007 1692 1079 1737 cum
1100 1686 1219 1759 puncto
1233 1672 1279 1750 D,
1295 1684 1437 1739 sumatur

147 1793 296 1868 tanquam
316 1782 507 1867 principium
521 1806 541 1847 ιι
555 1804 620 1869 quo
633 1794 760 1867 tempus
779 1802 934 1867 apparens
946 1792 979 1844 et
993 1790 1117 1863 tempus
1130 1776 1271 1843 medium
1284 1778 1439 1863 incipiunt

149 1891 325 1975 eomputari
338 1904 371 1989 et
385 1914 449 1978 quo
463 1892 556 1975 simul
571 1890 771 1967 coinciduut3
794 1889 873 1954 etin
887 1888 955 1953 aliis
969 1887 1091 1955 ossibus
1106 1902 1231 1973 tempus
1244 1909 1400 1973 apparens
1414 1909 1435 1951 a

148 2000 254 2065 medio
267 2000 392 2067 differet
404 2023 465 2087 pro
479 2002 651 2088 quantitate
665 1998 756 2067 erede
778 1999 819 2065 M
833 1998 868 2064 D
882 2000 916 2066 iu
929 2010 1054 2083 tempus
1067 1996 1170 2072 solare
1183 1996 1326 2063 oessversi
1348 1996 1437 2080 (16);

148 2106 232 2171 Nam
247 2107 325 2173 dum
338 2121 492 2194 punctum
507 2109 552 2185 D,
568 2121 616 2173 est
630 2108 690 2173 sub
704 2106 879 2171 meridiano
900 2105 933 2169 T
948 2104 984 2182 Z,
1007 2102 1086 2168 hori
1114 2100 1167 2167 12⁸
1188 2114 1390 2189 computatur
1403 2103 1439 2169 iu

146 2214 215 2279 loco
236 2216 325 2300 cujus
346 2216 539 2281 meridianus
558 2226 606 2281 est
627 2215 660 2279 T
680 2214 719 2292 Ζ,
738 2226 770 2279 et
786 2213 841 2277 ubi
861 2222 1015 2297 punctum
1038 2210 1079 2276 M
1097 2210 1193 2275 distat
1210 2234 1231 2276 a
1250 2223 1371 2297 puueto
1391 2210 1437 2289 D,

21 2318 22 2321 '
146 2344 237 2389 arcus
250 2323 290 2389 M
301 2324 347 2401 D,
362 2324 396 2387 in
410 2336 534 2409 tempus
549 2324 650 2389 solare
664 2344 843 2400 conversus,
859 2321 947 2387 dabit
956 2320 1165 2387 differentiam
1178 2321 1261 2387 inter
1274 2320 1439 2387 meridiem

21 2502 22 2507 ,
147 2444 350 2519 apparentem
364 2444 396 2497 et
409 2432 574 2499 meridiem
587 2432 728 2497 medium
743 2430 798 2517 qui
811 2427 1106 2517 oontingit·quandd
1119 2440 1275 2514 puuctum
1289 2428 1330 2495 M
1343 2440 1393 2495 est
1405 2428 1439 2493 in

149 2542 323 2606 meridiano
340 2541 372 2606 T
387 2542 423 2606 Z.

190 2656 244 2714 46.
272 2646 383 2733 Itaque
407 2658 531 2733 tempus
554 2647 695 2713 medium
717 2648 750 2711 in
775 2668 930 2731 apparens
955 2646 1000 2710 sic
1028 2645 1230 2712 eonvertitur.
1275 2643 1441 2720 Queritur

148 2755 314 2844 longitudo
338 2756 419 2821 Solis
441 2769 509 2819 tum
523 2755 640 2831 media,
660 2766 729 2818 tum
743 2774 817 2817 vera
831 2752 966 2836 tempori
980 2750 1055 2817 dato
1069 2748 1262 2835 respondens
1277 2750 1350 2836 (44)
1364 2748 1440 2815 inde

151 2864 269 2929 eruitm
283 2862 493 2951 longitudinis
503 2886 587 2929 verre
601 2862 742 2929 emensio
753 2874 839 2927 reeta
850 2861 931 2946 (14),
943 2860 970 2925 si
983 2859 1053 2925 hec
1066 2861 1166 2945 major
1180 2872 1228 2927 est
1240 2859 1344 2925 medii
1357 2859 1440 2925 Solia

151 2970 356 3058 longitudine,
374 2970 549 3035 differentia
562 2971 595 3035 in
610 2981 734 3053 tempus
749 2968 851 3033 solare
872 2989 1023 3033 conversa
1035 2966 1228 3034 subtrahitur
1243 2988 1285 3033 ex
1299 2978 1442 3055 tempore

149 3076 253 3141 medio
278 3089 315 3141 ut
335 3076 392 3143 liat
412 3086 583 3163 appareas,
601 3076 728 3141 additur
749 3075 776 3139 ri
796 3075 900 3140 minor
918 3085 976 3139 est
1021 3074 1069 3139 At
1087 3087 1212 3159 tempus
1233 3097 1388 3161 apparens
1406 3076 1441 3139 in

149 3182 289 3248 medium
309 3182 354 3249 itt
374 3196 529 3249 mutatum·
568 3182 709 3267 Tempus
725 3203 880 3267 apparens
896 3192 1047 3267 tanquam
1059 3181 1199 3246 medium
1213 3182 1439 3262 oonsideratur,

150 3302 181 3357 et
201 3290 371 3375 inquiritur
392 3312 453 3375 pro
474 3289 550 3354 dato
566 3302 709 3373 tempore
729 3288 897 3375 longitudo
912 3288 995 3353 Solis
1009 3284 1077 3351 tiun
1090 3288 1206 3366 media,
1220 3302 1289 3353 tum
1302 3312 1386 3367 vera,
1409 3305 1441 3355 et

149 3396 222 3461 inde
238 3398 358 3465 eruitur
371 3397 575 3485 longitudinis
592 3418 674 3459 verae
689 3396 829 3459 ascensio
843 3408 947 3471 reota3
969 3396 997 3459 si
1010 3394 1080 3461 hee
1089 3395 1226 3461 mediam
1242 3397 1325 3463 Solis
1338 3397 1440 3485 longi·
1491 3472 1495 3480 Ι

149 3507 291 3571 tudinem
310 3519 447 3592 superat,
471 3505 647 3571 differentia
669 3504 702 3567 in
723 3515 847 3588 tempus
870 3504 972 3568 solare
989 3524 1140 3568 eonversa
1160 3504 1287 3569 additur
1305 3505 1440 3590 tempori

149 3613 313 3698 apparenti
327 3624 363 3676 ut
376 3612 432 3675 fiat
445 3610 595 3675 modium.
628 3608 663 3675 Si
677 3607 752 3673 verd
766 3608 970 3695 longitudinis
985 3630 1068 3673 veroe
1081 3610 1223 3674 ascensio
1236 3622 1323 3675 reeta
1337 3611 1441 3675 minor

148 3734 196 3797 est
214 3721 318 3787 medit
341 3721 423 3787 Solis
439 3718 648 3807 longitudine,
669 3717 846 3782 differentia
861 3718 895 3781 in
909 3729 1033 3803 tempus
1047 3718 1149 3782 solare
1164 3740 1314 3782 conversa
1328 3742 1348 3781 a
1361 3732 1440 3782 tem-

148 3852 226 3915 pore
245 3841 416 3915 apparente
439 3826 633 3892 subducitur.
679 3825 777 3901 Quod
797 3826 823 3891 si
843 3826 949 3890 media
969 3826 1050 3892 Solis
1069 3825 1234 3922 longitudo
1251 3827 1380 3912 aequulis
1399 3828 1440 3892 sit

150 3940 322 4003 assensioni
338 3948 432 4003 rectae
445 3934 651 4024 longitudinis
666 3958 759 4013 verae,
782 3948 907 4021 tempus
921 3958 1075 4021 apparens
1089 3937 1234 4023 oongruit
1247 3958 1320 4000 cum
1334 3936 1438 4001 medio

148 4046 297 4133 nullaque
321 4055 394 4133 eget
419 4044 603 4130 aequatione.
651 4040 736 4106 Haec
761 4044 868 4106 omnia
887 4064 929 4107 ex
953 4042 1049 4107 modd
1074 4043 1165 4107 dictis
1187 4043 1257 4128 (46)
1276 4044 1440 4109 manifesta

148 4168 242 4232 sunt3
264 4154 292 4219 si
307 4155 390 4219 enim
404 4158 558 4243 punctum
573 4150 607 4217 D
623 4164 670 4217 est
684 4150 864 4216 orientalius
877 4163 997 4236 puncto
1013 4150 1062 4228 M,
1077 4150 1139 4215 hoc
1153 4150 1244 4216 citiirs
1258 4152 1299 4216 ad
1313 4152 1440 4217 meridi·

147 4284 247 4327 anum
262 4260 294 4327 T
306 4261 342 4339 Z,
357 4258 501 4345 pervenit
515 4256 610 4344 quim
624 4255 714 4334 illud,
730 4278 768 4321 ac
781 4257 917 4342 proinde
930 4256 1009 4321 hora
1025 4264 1078 4321 12·
1088 4258 1237 4344 temporis
1248 4258 1343 4323 medii
1354 4281 1439 4323 oom-

147 4378 287 4454 putatur,
314 4362 387 4429 crim
411 4362 553 4429 nondrim
576 4374 624 4426 est
644 4361 790 4426 meridies
812 4363 963 4447 temporis
983 4364 1172 4447 apparentis,
1195 4375 1228 4429 et
1246 4365 1440 4429 contrarium

149 4472 314 4560 contingit,
339 4472 365 4535 si
389 4482 543 4579 punctum
566 4470 601 4535 D
626 4479 746 4553 puncto
769 4467 809 4533 M
830 4467 928 4533 fuerit
947 4468 1179 4534 occidentalius.
1225 4469 1291 4535 Ubi
1315 4482 1440 4556 tempus

151 4602 307 4667 apparens
322 4580 354 4643 in
369 4550 510 4645 medium
524 4590 650 4663 oportet
665 4576 815 4653 converti,
831 4588 973 4662 tempore
983 4591 1152 4665 apparente
1162 4576 1278 4644 utimur
1291 4592 1439 4669 tanquam
1534 4617 1537 4625 .

767 4690 821 4739 02
