3384 5459
394 492 398 501 .
441 436 631 505 nunnus
653 436 715 501 ac
738 428 992 501 narnuxus
1015 426 1173 495 mann.
1384 422 1470 515 aar,

202 612 227 691 §a
244 616 297 674 82.
321 608 563 673 Consideremus
584 609 681 696 igitur
701 604 839 691 primdrn
861 604 995 668 Terram
1016 601 1050 663 in
1070 610 1152 662 statu
1169 614 1226 658 suo
1247 588 1392 665 naturali,
1415 586 1449 651 in
1527 660 1528 665 ἵ

160 742 254 805 quem
275 743 309 784 se
330 718 395 784 soli
417 721 449 783 vi
469 720 630 807 gravitatis
652 718 849 803 composuit3
870 716 991 799 inquo,
1015 708 1087 774 crim
1101 706 1247 771 habitura
1260 703 1301 765 sit
1316 702 1448 787 figuram

159 828 356 913 sphaericam,
379 840 583 912 repraesentet
604 827 739 891 circulus
760 828 792 891 A
806 827 841 891 D
857 824 932 890 BE
955 844 1010 885 seu
1030 818 1135 905 potiris
1155 817 1268 904 globus
1284 816 1350 899 ejus
1364 826 1448 878 rota-

159 935 246 999 tione
260 948 348 1000 ortus
363 936 507 1015 Terram,
529 956 624 1021 quam
638 947 791 1020 praeterea
806 931 943 1018 undique
958 927 1038 1014 equi
1054 923 1271 990 circumfusam
1291 922 1447 1005 ponimus.

161 1042 313 1106 Versetur
328 1043 397 1127 jam
419 1042 474 1107 Sol
496 1041 546 1106 vel
568 1042 661 1105 Luna
682 1040 715 1102 in
737 1041 771 1117 S,
795 1040 916 1123 acujus
931 1036 962 1099 vi
982 1032 1054 1097 crim
1068 1032 1204 1118 gravitas
1219 1028 1368 1093 naturalis
1384 1040 1448 1091 tarn

159 1150 194 1213 in
217 1152 248 1214 A
270 1148 364 1237 quaim
385 1152 419 1215 in
442 1151 471 1216 B
492 1150 693 1226 diminuatur,
715 1148 749 1211 in
771 1149 806 1213 D
820 1146 895 1211 verb
910 1158 941 1209 et
957 1144 986 1207 Ε
1003 1154 1164 1229 augeatur,
1187 1138 1458 1203 manifestumest.

160 1230 295 1321 Terram
310 1280 366 1321 seu
378 1256 484 1341 potiris
497 1280 611 1344 aquam
624 1256 671 1319 illi
685 1254 903 1319 circumfusam
918 1252 1071 1316 elevatum
1085 1249 1124 1311 iri
1139 1249 1171 1311 in
1187 1249 1219 1311 A
1233 1259 1265 1315 et
1280 1248 1319 1324 B,
1340 1245 1460 1313 cunuti·

157 1362 238 1429 verb
261 1364 295 1427 in
319 1364 355 1430 D
379 1378 411 1428 et
436 1364 466 1428 E
489 1364 633 1449 deprimi,
657 1361 753 1448 idque
774 1383 922 1446 eousque,
948 1357 1052 1443 quoad
1075 1353 1305 1419 sollicitationes
1331 1378 1350 1417 a
1373 1353 1447 1420 Sole

160 1472 294 1539 Lunive
306 1473 340 1536 iu
356 1473 381 1537 S
394 1472 537 1536 oriundae
547 1477 620 1536 edm
629 1472 661 1535 vi
675 1469 834 1557 maritatis
845 1468 886 1532 ad
897 1467 994 1553 aequi-

158 1580 285 1644 librium
300 1579 416 1644 suerint
428 1580 573 1644 redactae.
605 1580 653 1645 Sit
667 1580 771 1664 itaque
782 1598 879 1643 curva
888 1600 906 1639 a
915 1576 935 1638 d
945 1575 994 1638 be

158 1709 199 1751 ea
223 1686 335 1772 figura,
362 1707 433 1772 quae
457 1685 540 1749 circa
561 1707 653 1749 axem
673 1685 728 1748 ab
747 1696 849 1749 rotata
867 1692 995 1769 generet

161 1786 274 1851 Terrae
287 1786 431 1864 formam,
447 1810 542 1873 quam
556 1811 576 1852 a
589 1789 620 1853 vi
633 1788 675 1852 ad
697 1789 721 1852 S
735 1786 853 1851 directi
868 1786 993 1851 tandem
1042 1812 1045 1819 ¹

157 1890 298 1973 recipiet,
309 1900 403 1976 atque
413 1888 485 1953 ciun
494 1913 585 1976 aquae
593 1912 677 1953 nunc
686 1886 995 1975 ponanturinaequi·

156 1993 253 2056 librio
273 1994 460 2070 constitutae,
485 2015 612 2058 necesse
634 2007 682 2059 est
694 2006 731 2058 ut
744 1994 874 2058 directio
891 1991 995 2055 media

158 2103 302 2166 omnium
323 2102 586 2178 sollicitationum,
610 2102 723 2187 quibus
738 2101 870 2188 singulae
885 2100 996 2164 Terroe

156 2211 323 2296 particulae
343 2212 377 2274 in
398 2210 543 2295 supremi
558 2211 723 2296 superficie
742 2212 811 2275 site
832 2221 994 2295 urgentur,

158 2429 350 2514 particulam
371 2450 589 2515 quamcunque
612 2427 652 2493 M
674 2440 860 2513 spectemus,
882 2450 920 2491 ea
932 2425 997 2511 pri·

159 2534 250 2601 mrim
264 2561 284 2601 a
296 2538 448 2625 gravitate
463 2535 597 2601 naturali
611 2537 645 2599 in
659 2536 829 2602 directione
845 2536 885 2601 M
903 2535 930 2598 C
945 2557 998 2599 ur-

160 2657 254 2732 getur
270 2641 429 2720 deorsum,
447 2642 541 2729 idque
559 2642 599 2720 vi,
612 2665 706 2728 quam
717 2654 894 2709 constanter
908 2642 999 2726 poni-
1089 2659 1128 2703 u*-

162 2774 235 2816 mus
256 2775 288 2810 =
311 2760 349 2827 13
372 2750 489 2837 quippe
510 2774 582 2839 quae
601 2763 647 2816 est
669 2750 738 2837 ipsa
749 2752 885 2839 gravitas
900 2752 932 2814 in
947 2773 999 2813 su-

159 2860 291 2946 perficie
312 2859 433 2938 Terrae,
456 2860 496 2924 ed
512 2860 597 2947 qubd
618 2860 750 2925 elevatio
763 2862 813 2925 vel
835 2860 994 2944 depressio

161 2968 326 3054 particulae
340 2968 519 3032 distantiam
534 2971 600 3053 ejus
615 2994 634 3035 a
648 2984 756 3034 centro
768 2970 889 3047 Terroe,
902 2992 921 3035 a
934 2970 995 3056 quai
1006 2970 1136 3033 variatio
1150 2965 1310 3056 gravitatis
1325 2962 1452 3049 pendet,

162 3076 350 3141 sensibiliter
369 3100 435 3141 non
455 3078 608 3143 immutet.
661 3078 789 3144 Deinde
814 3077 890 3142 verb
912 3078 1023 3143 eadem
1043 3076 1197 3163 particula
1219 3075 1259 3140 M
1281 3098 1301 3139 a
1320 3074 1353 3137 vi
1373 3072 1407 3135 in
1431 3071 1455 3137 S

166 3186 319 3251 existente
340 3187 521 3251 sollicitatur
541 3187 659 3271 duplici
680 3187 720 3264 vi,
744 3208 878 3273 quarum
897 3186 1022 3251 alterius
1037 3186 1167 3250 directio
1189 3186 1222 3248 in
1245 3186 1344 3269 ipsam
1368 3179 1454 3245 MC

161 3293 283 3370 incidit,
299 3291 425 3357 alterius
440 3292 514 3357 verd
529 3293 563 3355 in
579 3292 662 3370 MR
676 3294 850 3357 normalem
866 3294 906 3357 ad
922 3292 1012 3357 MC.
1058 3292 1217 3368 Quocirca
1231 3292 1327 3354 trium
1343 3289 1454 3351 harum

163 3402 280 3465 virium
300 3400 435 3465 mediam
456 3402 658 3466 directionem
679 3402 817 3466 incidere
839 3414 963 3488 oportet
983 3404 1016 3465 in
1038 3415 1155 3467 rectam
1179 3401 1218 3465 M
1238 3402 1264 3464 N
1282 3398 1455 3462 normalem

165 3512 210 3577 ad
226 3534 354 3577 curvam
368 3535 387 3575 a
401 3512 442 3577 M
456 3512 488 3591 d,
504 3534 568 3597 quo
581 3511 649 3595 ipso
663 3524 776 3575 natura
789 3510 882 3597 hujus
897 3534 1001 3575 curvae
1016 3510 1280 3575 determinabitur.

209 3628 301 3705 §.Sa
325 3620 469 3687 Dubium
488 3618 542 3684 hic
562 3621 707 3685 subnasci
728 3633 842 3706 posset,
867 3619 1038 3707 quodcum
1054 3621 1094 3685 ad
1116 3642 1255 3705 praesens
1278 3619 1455 3683 institutum

165 3730 306 3793 omnium
328 3730 451 3806 virium,
475 3728 587 3815 quibus
608 3729 741 3817 singulte
762 3730 925 3813 particulae
940 3731 1156 3809 sollicitantur,
1180 3731 1259 3795 ratio
1275 3729 1384 3793 haberi
1400 3728 1456 3797 de·

164 3835 249 3914 beat,
272 3858 341 3900 eam
362 3834 415 3899 hic
435 3835 639 3922 negligamus,
657 3858 727 3923 quae
741 3859 761 3899 a
774 3836 805 3899 vi
820 3836 992 3926 centriiugri
1015 3838 1118 3903 motis
1142 3840 1253 3903 Terrae
1267 3838 1372 3902 diurni
1394 3836 1457 3899 ori·

165 3956 230 4021 tur,
254 3946 370 4031 quippe
390 3965 462 4030 quae
483 3966 548 4006 non
569 3942 670 4008 soldm
690 3967 755 4008 non
777 3959 824 4009 est
850 3946 970 4011 infinite
994 3970 1101 4031 parva,
1125 3947 1181 4010 sed
1206 3947 1311 4011 multis
1339 3945 1457 4009 vicibus

165 4054 276 4138 major,
299 4049 394 4137 quim
415 4051 495 4115 vires
516 4074 588 4137 quae
609 4052 659 4116 vel
682 4076 701 4116 a
717 4054 790 4119 Sole
804 4054 854 4117 vel
870 4054 962 4119 Luni
977 4055 1147 4120 resultant:
1171 4056 1226 4120 sed
1242 4057 1314 4141 quia
1327 4056 1396 4119 haec
1411 4055 1458 4119 vis

168 4177 365 4253 constantem
386 4162 533 4249 producit
553 4164 709 4243 effectum,
732 4162 844 4229 Terrae
867 4166 983 4231 scilicet
1002 4166 1136 4254 figuram
1158 4166 1395 4252 sphaeroidicam
1419 4166 1460 4231 ad

167 4270 258 4357 polos
281 4291 500 4353 compressam,
523 4272 738 4347 mutationem,
762 4293 833 4357 quae
856 4271 887 4334 in
907 4272 996 4336 fluxu
1010 4296 1047 4336 ac
1066 4274 1188 4337 refluxu
1203 4273 1298 4335 maris
1313 4273 1463 4337 observa·

168 4393 233 4455 tur,
259 4379 446 4443 sensibiliter
470 4379 593 4443 afficere
617 4381 736 4465 nequit.
791 4380 920 4445 Deinde
946 4384 1087 4467 quamvis
1112 4381 1165 4447 hic
1188 4384 1322 4469 liguram
1349 4383 1460 4447 Terrae

169 4478 358 4573 sphaericam
372 4510 536 4571 ponamus,
561 4500 666 4553 tamen
681 4490 714 4551 in
728 4489 958 4553 aberrationem
975 4490 1134 4574 praecipue
1149 4490 1189 4555 ab
1203 4490 1263 4557 hac
1279 4490 1378 4577 liguria
1396 4503 1458 4553 tam
1502 4516 1513 4527 -·

169 4620 191 4661 u
213 4594 287 4659 Sole
309 4593 404 4681 quam
427 4594 519 4660 Luni
543 4595 708 4659 oriundam
724 4596 928 4682 inquirimus:
952 4590 1149 4687 manifestum
1163 4612 1268 4663 autem
1283 4610 1338 4673 est,
1363 4619 1462 4682 quan-

170 4719 240 4771 tum
262 4704 365 4793 figura
385 4727 475 4792 aquae
495 4706 537 4771 ob
552 4706 633 4771 vires
650 4704 732 4771 Solis
749 4704 891 4770 Lunaeve
913 4728 932 4768 a
953 4705 1106 4791 sphaericti
1122 4707 1256 4785 recedat,
1278 4704 1461 4769 tantundem
