3384 5459
441 408 632 475 FLUXUS
655 408 716 472 AC
743 408 997 475 REFLUXUS
1021 408 1180 473 MARIS.
1204 456 1207 461 -
1390 418 1451 477 323

163 585 198 647 10
218 583 366 646 fluxubus
388 582 472 646 circa
492 581 632 669 syzygias
654 581 747 667 quim
762 581 987 667 quadraturas:
1009 582 1044 645 in
1065 580 1262 667 quadraturis
1276 582 1358 645 enim
1374 606 1451 667 quo·

163 692 259 765 niam,
282 689 359 753 dum
379 687 474 751 Luna
494 709 551 771 per
571 687 779 751 meridianum
799 688 922 766 transit,
946 688 1000 753 Sol
1016 710 1080 752 non
1095 708 1218 772 semper
1239 688 1272 751 10
1289 688 1449 755 horizonte

162 809 312 871 versatur,
336 794 393 859 sed
414 792 464 858 vel
484 780 738 859 ad'horizontem
761 793 889 859 demum
912 794 1032 883 accedit
1052 794 1183 881 valjam
1205 796 1244 859 ah
1265 818 1303 859 eo
1320 796 1446 875 recedit,

160 926 288 968 necesse
309 916 356 966 est
376 913 412 966 ut
432 901 487 964 illo
508 923 581 965 casu
602 902 705 966 fluxus
728 902 828 979 nitida,
851 902 912 967 hoo
933 902 1008 967 veri>
1027 901 1146 967 tardids
1161 904 1339 991 contingat:
1363 906 1448 991 quod

160 1014 329 1076 discrimen
341 1009 413 1075 crim
426 1010 541 1095 partim
552 1011 592 1074 ab
603 1011 775 1098 elevatione
788 1012 863 1095 poli,
876 1013 990 1096 partim
1001 1012 1234 1077 adeclinatione
1248 1014 1446 1081 luminarimn

158 1127 305 1212 pendeat,
321 1139 480 1191 momenta
493 1126 636 1189 fluxuum
650 1126 683 1188 in
698 1124 895 1211 quadraturis
910 1126 1010 1213 magis
1025 1125 1208 1213 irregularia
1221 1125 1341 1189 reddit:
1365 1128 1445 1191 inte-

157 1236 220 1299 rim
242 1248 348 1299 tamen
369 1234 474 1299 habita
498 1235 610 1298 harum
633 1234 934 1299 circumstantiarum
960 1236 1079 1299 ratione
1103 1236 1176 1299 satis
1199 1234 1298 1319 prope
1321 1234 1445 1299 definiri

156 1357 270 1429 potest
316 1344 410 1409 Circa
429 1357 571 1428 tempora
591 1344 734 1407 fluxuum
756 1356 869 1420 autern,
891 1346 945 1429 qui
965 1344 1000 1406 in
1020 1344 1187 1409 noviluniis
1209 1366 1246 1409 ac
1266 1344 1444 1429 pleniluniis

147 1443 308 1537 incidunt,
323 1448 393 1513 haec
409 1450 475 1513 sola
489 1450 641 1513 correctio
654 1472 709 1513 sen
723 1448 865 1514 reductio
880 1450 920 1513 ad
935 1450 1098 1514 transitum
1113 1450 1215 1515 Luna:
1228 1472 1286 1535 per
1300 1449 1444 1513 meridia-

155 1581 234 1623 num
254 1580 381 1621 omnem
401 1556 467 1622 ferd
484 1558 670 1621 anomaliarn
685 1558 775 1636 tollit,
797 1580 949 1645 quorsum
963 1570 1082 1643 spectat
1095 1559 1205 1647 regula
1219 1584 1237 1624 a
1253 1560 1348 1625 celeb.
1366 1560 1443 1623 Cas-

153 1669 224 1731 1100
244 1668 277 1729 10
301 1667 400 1730 Mem.
418 1674 512 1733 1710.
537 1666 658 1743 tradita,
682 1666 743 1751 qui
765 1688 824 1751 pro
838 1668 968 1732 totidem
983 1666 1079 1745 horis,
1102 1668 1215 1753 quihus
1236 1668 1442 1754 plenilunium

155 1797 212 1837 seu
225 1772 420 1836 novilunium
433 1771 482 1836 vel
497 1786 570 1835 ante
584 1771 747 1837 meridiem
760 1772 810 1837 vel
823 1786 896 1857 post
909 1772 1027 1852 incidit,
1043 1774 1174 1838 totidem
1188 1775 1262 1839 bina
1273 1776 1391 1839 minuta
1401 1776 1441 1839 ad

156 1897 279 1969 tempas
294 1883 398 1947 fluxius
413 1882 552 1947 medium
566 1882 616 1947 vel
630 1881 746 1962 addere
760 1882 809 1945 vel
824 1883 866 1946 ab
879 1906 917 1946 eo
932 1884 1115 1949 subtrahere
1125 1884 1224 1969 jubet,
1241 1884 1357 1971 quippe
1370 1907 1442 1970 quta

152 2015 195 2056 ex
211 2005 300 2056 motu
314 1992 416 2056 Lunae
431 1992 598 2076 esrpetita
644 1992 776 2055 Interim
784 1986 888 2055 tamen
902 1990 962 2055 hic
978 1994 1169 2059 correctione
1184 1992 1323 2057 adhibiti
1338 1994 1441 2079 aliqua

154 2100 309 2165 ancoralia
330 2122 492 2185 superesse
512 2098 765 2183 deprehenditur,
788 2101 875 2184 cujus
899 2113 1003 2163 autern
1027 2102 1107 2164 ratio
1132 2122 1172 2163 ex
1192 2100 1298 2165 nostrai
1321 2101 1440 2165 theoria

152 2219 264 2289 sponte
286 2206 434 2292 sequitur.
479 2204 618 2281 Quando
639 2205 724 2269 enim
744 2206 870 2291 syzygia
890 2219 961 2269 aute
983 2206 1145 2269 meridiem
1165 2206 1348 2283 celebratur,
1373 2224 1439 2270 tum

151 2312 229 2375 dum
250 2310 344 2375 era
363 2332 422 2395 per
442 2310 649 2400 meridianum
671 2310 790 2386 transit,
816 2310 871 2374 Sol
888 2312 954 2396 jam
976 2323 1048 2375 ante
1062 2332 1134 2375 01110
1150 2324 1196 2375 011
1214 2315 1437 2399 transgressus,

121 2426 246 2503 ‘atque
270 2418 342 2481 ideo
363 2418 430 2502 jam
453 2415 609 2480 horizonti
634 2416 873 2501 appropinquat,
899 2438 939 2481 ex
964 2439 1028 2501 quo
1053 2438 1179 2481 necesse
1204 2432 1251 2481 est
1274 2431 1308 2481 ut
1334 2418 1439 2481 fluxus

150 2524 243 2590 0111111
266 2524 398 2603 eveniat,
423 2522 517 2610 quim
538 2524 641 2609 prima
662 2523 772 2611 regula
794 2523 862 2587 sola
885 2523 1023 2589 adhibita
1040 2524 1171 2589 indicat.
1218 2526 1324 2609 Atque
1346 2524 1440 2587 etiam

151 2633 237 2697 idem
259 2634 293 2697 in
313 2632 427 2697 tabulis
447 2632 591 2696 fluxuum
612 2632 819 2718 Drmkerquae
841 2645 873 2697 et
894 2632 928 2695 in
944 2632 1042 2697 Portu
1058 2633 1178 2698 Gratiae
1192 2634 1437 2712 observatorum,

151 2740 253 2806 Mem.
280 2748 372 2808 1710.
396 2738 529 2817 10101111,
557 2738 720 2806 manifesti:
747 2742 956 2826 conspicitur:
988 2741 1114 2827 quando
1137 2741 1221 2807 enim
1246 2740 1438 2805 novilunium

149 2848 764 2935 1110011001001100101111011101110010
788 2848 951 2917 meridiem
976 2849 1097 2927 accidit,
1123 2862 1191 2919 tum
1215 2850 1320 2917 fluxus
1347 2847 1438 2913 citiris

157 2953 320 3015 advenisse
343 2949 537 3024 observatur,
561 2950 653 3033 quim
676 2948 812 3015 calculus
829 2952 1030 3021 Cassinianua
1053 2952 1209 3019 indicabat
1216 2972 1225 3024 ;
1248 2945 1443 3012 0001011011)

157 3056 278 3122 tardids
299 3057 324 3119 si
338 3053 474 3140 syzygia:
488 3052 613 3116 demum
627 3055 769 3137 pluribus
782 3054 870 3120 horis
885 3070 958 3141 post
971 3056 1131 3121 meridiem
1153 3054 1328 3133 inciderint,
1356 3056 1443 3139 cujus

158 3165 285 3248 majoris
300 3158 517 3227 retardationis
533 3182 625 3227 causa
644 3160 679 3226 in
702 3158 857 3252 Soletum
872 3161 974 3228 adhuc
989 3164 1029 3228 ab
1044 3164 1204 3229 horizonte
1220 3162 1384 3235 recedente
1397 3176 1445 3229 est

156 3272 335 3359 quaerenda.

199 3387 223 3463 §.
242 3389 312 3445 106.
337 3380 511 3464 Septimum
530 3376 761 3465 phaenomenon
783 3376 962 3462 suppeditat
975 3374 1097 3439 diversa
1114 3370 1282 3439 retardatio
1297 3370 1441 3439 fluxuum

158 3487 191 3550 10
213 3485 347 3573 syzygiis
368 3485 567 3549 luminarium
589 3497 621 3549 et
643 3484 839 3570 quadraturis
854 3494 998 3567 respectu
1011 3478 1159 3565 appulsis
1180 3478 1282 3545 Luna
1296 3476 1336 3539 ad
1350 3474 1443 3539 meri·

155 3596 303 3672 1110ουος
326 3595 446 3659 tardids
467 3595 585 3659 scilicet
607 3593 722 3679 ubique
742 3593 884 3657 locorum
904 3578 1018 3667 fluxus,
1042 3588 1096 3674 qui
1117 3587 1150 3651 in
1171 3585 1304 3672 syzygiis
1323 3582 1443 3648 contin-

155 3716 246 3792 gunt,
267 3704 473 3789 insequuntur
495 3704 747 3768 culminationem
770 3702 881 3777 Lunae,
905 3697 998 3785 quim
1018 3699 1051 3776 ii,
1074 3698 1128 3785 qui
1142 3698 1225 3761 circa
1239 3694 1444 3779 quadraturas

154 3812 295 3875 veniunt
323 3810 449 3895 Hujus
471 3823 575 3873 autem
596 3808 795 3894 phaenomeni
817 3805 936 3891 duplex
951 3827 1044 3869 causa
1065 3813 1168 3888 potest
1183 3800 1343 3887 assignari,
1366 3819 1443 3883 qpa-

153 3942 226 3985 rum
239 3921 342 4005 prima
356 3943 376 3983 a
389 3918 454 3983 soli
470 3919 640 4004 quantitate
654 3930 787 3981 aestuum
802 3916 928 4001 petitur,
953 3912 1025 3999 quin
1039 3912 1123 3975 enim
1137 3922 1231 3975 oestus
1247 3907 1443 3994 syzygiarum

152 4027 254 4093 multi:
276 4041 348 4092 sunt
368 4029 500 4111 majoros
522 4024 617 4112 quim
637 4039 733 4089 aestus
759 4022 1029 4110 quadraturarum,
1052 4030 1294 4084 consentaneum
1320 4012 1442 4078 videtur

153 4136 222 4199 illos
239 4133 359 4198 tardids
374 4134 479 4196 venire
494 4131 588 4218 quim
608 4132 676 4196 hos.
722 4130 833 4195 Altera
847 4128 922 4194 verd
937 4152 1029 4193 causa
1044 4150 1115 4214 quae
1128 4127 1190 4191 hoc
1211 4125 1443 4211 phaenomenon

152 4244 254 4309 1001111
268 4241 444 4308 distinctiris
460 4241 605 4326 explicat,
626 4240 766 4326 nullique
780 4238 877 4302 dubio
892 4239 995 4303 locum
1011 4236 1167 4323 relinquit,
1183 4244 1299 4297 nostre
1314 4230 1444 4295 theoria:

153 4356 283 4418 omnino
306 4355 509 4439 estpropria,
530 4352 690 4438 priorique
711 4348 873 4437 longeest
896 4345 1099 4433 proelerenda.
1145 4344 1304 4409 Ponamus
1326 4340 1408 4404 enirn
1430 4351 1444 4402 t

153 4484 222 4525 esse
237 4474 369 4545 tempus,
392 4482 455 4547 quo
475 4459 508 4521 in
527 4458 693 4521 noviluniis
708 4479 745 4520 ac
759 4454 937 4539 pleniluniis
952 4454 1055 4515 fluxus
1071 4464 1142 4535 post
1158 4449 1322 4534 appulsum
1340 4447 1442 4511 Luna:

152 4571 195 4637 ad
219 4569 426 4634 meridianum
452 4568 557 4632 venire
582 4566 678 4641 solet:
713 4564 912 4648 sequentibus
938 4561 1032 4649 igitur
1058 4559 1168 4623 diebus
1194 4550 1256 4621 hoc
1282 4570 1404 4636 tempus
1431 4564 1444 4616 t

154 4677 306 4745 continui>
329 4680 530 4755 diminuetur,
551 4676 625 4762 quia
646 4686 713 4737 turn
741 4673 805 4748 Sol,
829 4670 906 4735 dum
928 4670 1021 4735 Luna
1043 4669 1075 4732 in
1097 4666 1269 4731 meridiano
1291 4671 1441 4737 versatur,

773 4780 823 4841 za

1213 4854 1221 4893 l
