3384 5459
413 410 604 479 FLUXUS
626 411 687 477 Ac
714 412 967 480 REFLUXUS
989 410 1148 483 Manls.
1356 410 1418 475 317

162 692 251 750 Hora
259 698 323 771 post
337 690 464 749 Firmum.
519 688 652 750 celeritas
665 686 761 747 Maris
773 688 918 747 verticalis.
967 683 1203 747 &catartaria
1211 682 1391 741 larizontalis.

577 866 674 933 0,000
689 854 858 919 descendit.
1026 858 1119 931 1,067
1134 851 1167 913 in
1183 872 1335 919 occasum.

577 952 674 1021 0,500
688 941 858 1005 descendit.
1023 946 1119 1016 0,927
1135 937 1166 999 in
1182 959 1335 1003 occasum.

576 1038 674 1106 0,860
687 1027 859 1091 descendit.
1023 1034 1119 1102 0,667
1133 1024 1167 1087 in
1182 1046 1334 1091 occasum.

578 1125 673 1193 1,000
686 1114 858 1181 descendit.
1022 1120 1119 1189 0,067
1135 1112 1167 1173 in
1181 1132 1334 1178 occasum.

577 1212 673 1279 0,860
687 1200 858 1264 descendit.
1023 1208 1119 1277 0,432
1135 1199 1167 1260 in
1182 1211 1294 1263 ortum.

577 1298 673 1365 0‚500
688 1286 858 1355 descendit.
932 1322 935 1329 ⁴
1022 1293 1118 1362 0‚792
1134 1286 1165 1346 in
1181 1296 1293 1348 ortum.
1357 1358 1362 1369 .

576 1384 674 1451 0,000
689 1372 840 1447 ascendit,
1023 1381 1119 1449 0,932
1134 1372 1167 1434 in
1182 1389 1293 1435 ortum.
1414 1378 1415 1383 ’

576 1470 673 1537 0‚500
688 1459 837 1522 ascendit.
1023 1466 1120 1535 0,792
1135 1459 1167 1520 in
1183 1470 1295 1521 ortum.

576 1556 674 1624 0,860
687 1546 837 1609 ascendit.
1023 1553 1119 1622 0,482
1135 1546 1166 1608 in
1182 1560 1294 1607 ortum.

579 1642 674 1709 1‚000
689 1632 837 1695 ascendit.
1019 1640 1116 1707 0,067
1133 1631 1166 1693 in
1181 1652 1333 1695 occasum.

576 1728 672 1797 0,860
688 1718 836 1783 ascendit.
1021 1726 1116 1795 0,567
1133 1719 1167 1780 in
1181 1739 1333 1781 occasum.

576 1815 674 1882 0,500
689 1804 843 1869 ascendit.
1021 1812 1117 1880 0,927
1133 1805 1166 1866 in
1180 1826 1333 1868 occasum.

577 1900 674 1968 0,000
687 1891 857 1955 descendit.
952 1954 956 1963 ,
1024 1898 1117 1967 1,067
1132 1892 1166 1955 in
1180 1912 1333 1955 occasum.

292 868 335 1951 sszgmoeQmm÷mm—0

136 2105 241 2171 Facili
256 2117 359 2170 autern
373 2101 555 2194 intelligitur
570 2130 631 2193 pro
645 2108 825 2196 regionibus
838 2108 880 2172 ab
894 2118 1051 2193 aequatore
1065 2110 1202 2185 remotis,
1218 2106 1376 2192 praecipui
1391 2106 1418 2171 si
1513 2177 1515 2185 Α

136 2216 231 2281 Luna
243 2214 357 2280 habeat
366 2215 615 2295 declinationem,
627 2228 695 2281 tum
706 2229 873 2304 utrumque
886 2230 1007 2283 motum
1016 2218 1114 2305 magis
1125 2218 1191 2282 lore
1206 2217 1417 2305 irregularem,

133 2333 226 2406 atque
247 2342 322 2383 mox
343 2342 506 2385 ascensum
526 2320 616 2387 sititis
638 2322 855 2385 absolvimur
876 2321 952 2385 verb
973 2321 1175 2399 descensum
1206 2335 1290 2387 totus
1312 2335 1417 2387 autern

136 2440 240 2494 motus
254 2426 374 2493 facilius
388 2450 430 2493 ex
448 2428 524 2513 ipsis
538 2428 680 2493 formulis
695 2428 775 2493 datis
790 2440 1006 2517 cognoscetur.
1052 2427 1120 2493 Hic
1132 2428 1268 2515 denique
1289 2427 1419 2513 prolun-

136 2536 265 2600 ditatem
287 2536 404 2622 ubique
428 2535 560 2601 eandem
581 2537 762 2620 posuimus;
795 2534 880 2622 qubd
904 2536 1037 2599 sienim
1060 2534 1293 2612 essetdiversa,
1317 2544 1420 2599 motus
1490 2542 1492 2559 ¹

137 2648 338 2713 horizontalis
352 2648 444 2713 simul
458 2649 610 2713 rationem
624 2647 778 2712 inversam
793 2646 1013 2733 profunditatis
1027 2645 1153 2711 tenebit.

180 2764 205 2841 §.
222 2764 275 2825 9⁵1.
304 2757 451 2843 Denique
471 2770 639 2844 antequam
658 2759 720 2822 boc
737 2758 843 2843 Caput
855 2758 1011 2836 finiemus,
1036 2758 1139 2821 notari
1161 2766 1294 2843 oportet,
1319 2774 1422 2840 neque

136 2864 290 2929 maximos
311 2875 404 2927 cestus
426 2864 463 2929 iis
483 2865 558 2949 ipsis
579 2866 772 2950 temporibus
794 2867 918 2931 evenire
938 2888 1040 2951 posse,
1064 2867 1176 2952 quibus
1191 2866 1271 2929 vires
1291 2864 1373 2929 Solis
1391 2872 1423 2926 et

139 2974 243 3039 Lunoe
263 2964 399 3039 maxime
420 2975 536 3061 vigent,
558 2998 617 3039 nec
638 2976 784 3039 minimos
806 2988 900 3039 aestus
915 2988 991 3052 tum,
1016 2974 1087 3039 cim
1101 2975 1148 3038 vis
1162 2999 1181 3038 a
1196 2974 1289 3039 Luna
1303 2985 1334 3038 et
1349 2972 1423 3037 Sole

138 3091 214 3143 nata
227 3092 276 3143 est
288 3079 487 3157 debilissima,
510 3081 567 3145 sed
586 3080 745 3166 aliquanto
764 3080 893 3145 tardiris.
938 3080 1049 3147 AEstbs
1064 3080 1147 3144 enirn
1162 3078 1344 3167 magnitudo
1358 3099 1423 3143 non

141 3184 243 3250 solum
257 3211 277 3250 a
290 3188 462 3273 quantitate
474 3187 588 3252 virium
599 3188 832 3253 sollicitantium
845 3190 970 3274 pendet,
983 3190 1029 3254 uti
1043 3189 1077 3252 id
1091 3212 1149 3253 usu
1161 3190 1289 3267 veniret,
1303 3190 1328 3252 si
1343 3210 1424 3274 aqua

139 3296 251 3360 inertii
274 3309 401 3375 careret,
424 3297 480 3361 sed
501 3298 629 3381 insuper
649 3321 669 3361 a
689 3311 777 3362 motu
793 3300 861 3383 jam
882 3297 954 3361 ante
976 3310 1138 3383 concepto.
1184 3295 1281 3372 Quod
1296 3296 1321 3359 si
1341 3296 1424 3359 enim

138 3402 213 3466 anre
228 3423 314 3466 mare
328 3403 456 3467 omnino
470 3404 645 3488 quievisset,
661 3416 728 3467 turn
742 3405 862 3488 primus
878 3402 960 3468 certe
975 3416 1070 3469 aestus
1086 3402 1237 3467 oriundus
1252 3402 1422 3465 admodum

138 3508 262 3578 firturus
284 3521 365 3573 esset
385 3509 486 3587 exilis,
508 3509 630 3573 etiamsi
647 3508 727 3574 vires
742 3510 941 3575 sollicitantes
956 3521 1060 3574 essent
1074 3510 1219 3573 maximae
1229 3532 1238 3585 3
1262 3521 1424 3594 sequentes

139 3616 216 3682 vero
240 3629 334 3682 estus
359 3616 508 3682 continuo
533 3632 716 3697 crescerent,
743 3619 845 3682 donec
869 3619 996 3683 tandem
1023 3630 1096 3704 post
1121 3630 1244 3702 tempus
1269 3616 1425 3679 infinitum

139 3725 388 3813 magnitudinem
410 3725 598 3813 assignatam
619 3725 806 3803 obtinerent,
829 3724 856 3788 si
879 3725 1004 3811 quidem
1024 3726 1105 3790 vires
1121 3723 1319 3789 sollicitantes
1341 3722 1425 3785 idern

139 3833 244 3897 robur
261 3830 415 3917 perpetuo
436 3844 613 3896 servarent:
636 3844 728 3918 atque
748 3831 810 3895 hoc
831 3831 914 3897 idem
930 3833 1052 3897 evenire
1067 3832 1169 3910 debet,
1194 3832 1220 3895 si
1234 3844 1328 3894 aestus
1343 3852 1426 3915 prae-

140 3940 287 4005 cedentes
308 3953 429 4004 tantum
450 3938 566 4005 brerint
579 3939 725 4019 minores,
748 3938 842 4027 quim
857 3942 883 4005 is
899 3942 953 4027 qui
967 3940 1084 4005 viribus
1100 3928 1335 4005 sollicitantibus
1351 3962 1425 4003 con-

138 4048 233 4111 venit.
278 4046 388 4123 Quare
408 4045 481 4113 cum
495 4058 590 4113 restas
603 4046 763 4111 novilunia
776 4070 813 4111 ac
833 4046 1004 4131 plenilunio
1023 4047 1234 4131 praecedentes
1249 4048 1312 4110 sint
1324 4048 1426 4110 mino-

138 4178 201 4235 res,
225 4156 248 4219 ii
271 4156 398 4241 quidem
423 4156 473 4220 his
497 4156 689 4243 temporibus
712 4157 752 4221 ab
777 4158 874 4223 auctis
894 4158 1012 4223 viribus
1032 4157 1242 4247 augebuntur,
1265 4180 1329 4221 non
1350 4159 1426 4239 verb¹

142 4264 247 4329 subitis
268 4278 366 4330 totam
387 4290 477 4331 suam
498 4270 702 4353 quantitatem
722 4280 960 4356 consequentur,
983 4283 1075 4357 atque
1097 4246 1178 4335 hanc
1196 4271 1319 4335 obrem
1333 4284 1428 4337 aestus

142 4373 314 4436 etiamnum
327 4388 401 4458 post
413 4376 554 4462 syzygias
565 4390 733 4464 augmenta
742 4378 904 4463 accipient,
917 4378 1018 4443 donec
1028 4380 1070 4443 ob
1085 4391 1151 4473 turn
1163 4392 1306 4444 secutura
1317 4382 1428 4445 virium

58 4476 64 4483 ’
141 4482 353 4560 decrementa,
376 4495 470 4548 aestus
491 4484 605 4549 iterum
627 4485 806 4549 decrescere
827 4487 986 4571 incipiant.
1032 4488 1082 4553 Ita
1100 4495 1240 4574 tenipore
1255 4488 1429 4553 novilunio-

142 4612 214 4655 rum
228 4604 261 4655 et
273 4592 516 4675 pleniluniorum
529 4614 594 4657 non
609 4604 674 4657 tam
687 4594 748 4678 ipsi
762 4606 856 4659 metus
872 4594 964 4680 quim
978 4596 1169 4661 incrementa
1183 4622 1291 4662 eorum
1303 4581 1442 4661 censen·¹
1487 4656 1493 4668 ,

144 4696 187 4760 da
208 4709 282 4760 sunt
302 4698 449 4776 maxims,
472 4709 625 4785 quatenus
646 4699 763 4764 scilicet
777 4714 870 4764 aestus
891 4702 1103 4785 praecedentes
1118 4704 1254 4769 maximi
1269 4703 1428 4782 deficiunt,

178 4802 239 4851 Vos.
255 4802 309 4851 111.
791 4806 810 4847 z
