3384 5459
454 416 646 486 FLUXUS
666 418 728 483 AC
752 418 1007 485 REFLUXUS
1029 418 1188 485 MARIS.
1396 428 1458 489 ast

173 588 399 665 observantur3
419 591 507 675 cujus
521 589 650 674 quidem
662 589 880 655 retardationis
894 612 987 655 causa
1001 592 1034 655 in
1049 589 1114 675 ipsi
1130 612 1219 677 aquae
1233 588 1343 655 inertid
1358 591 1462 676 posita

174 717 243 762 esse
256 695 358 781 primi
372 696 466 763 etiam
481 696 582 763 fronte
595 695 792 782 perspicitur.

217 811 310 887 §.72-
335 806 545 881 Quantumvis
567 817 672 876 antem
695 805 825 891 agitatio
849 804 946 879 nisus
969 804 1003 869 in
1026 804 1275 889 precedentibus
1298 804 1461 889 Capitibus

176 914 381 979 determinata
394 916 435 978 ab
449 914 716 981 observationibus
727 914 898 991 dissentiat,
914 924 1020 977 temen
1033 913 1208 997 complures
1223 912 1462 979 cucumstantiae

177 1041 244 1083 sese
254 1020 321 1104 jam
335 1021 548 1103 praebuerunt,
564 1018 766 1103 experientias
779 1032 943 1104 tantopere
957 1030 1182 1097 consentaneis,
1206 1032 1242 1083 ut
1255 1020 1388 1105 amplius
1403 1020 1461 1085 du·

177 1127 279 1191 bitare
300 1128 428 1191 omnino
449 1150 649 1214 nequeamus,
672 1129 748 1214 quin
768 1128 803 1191 in
816 1128 934 1195 viribus
951 1129 1056 1195 Solem
1073 1128 1258 1215 Lunamque
1272 1130 1462 1215 respicienti·

177 1234 247 1312 bns,
271 1257 348 1320 quas
365 1256 429 1298 non
444 1232 561 1299 temere
575 1234 784 1313 assumsimns,
808 1234 864 1298 sed
884 1233 1011 1299 aliunde
1025 1236 1156 1301 existere
1171 1236 1460 1314 demonstravimus,

177 1366 253 1406 vera
267 1356 299 1405 et
311 1344 447 1429 genuina
460 1343 554 1407 aestts
568 1344 662 1407 maris
676 1364 770 1407 causa
783 1344 990 1407 contineatur.
1029 1344 1125 1409 Hanc
1139 1345 1180 1409 ob
1195 1366 1261 1421 rem
1271 1347 1337 1430 jam
1351 1344 1463 1411 meriti)

179 1451 331 1535 suspicari
351 1451 433 1526 licet,
456 1440 663 1515 dissensiones
684 1471 756 1537 quaa
776 1450 858 1514 inter
879 1448 1032 1513 theoriam
1054 1460 1202 1527 nostram,
1227 1463 1378 1537 quatenus
1393 1472 1463 1517 eam

179 1569 326 1622 assumtae
340 1555 506 1642 hypothesi
520 1557 793 1642 superstruximus,
810 1567 842 1620 et
857 1556 1081 1640 experientiam
1095 1556 1302 1635 intercedunt,
1318 1556 1358 1621 ab
1372 1578 1463 1643 aquae

180 1664 292 1729 inertii
307 1665 436 1750 aliisque
450 1664 696 1743 circumstantiis,
712 1684 846 1749 quarum
860 1665 977 1727 nullam
992 1654 1096 1731 adhuc
1113 1666 1264 1731 rationem
1286 1664 1462 1743 habuimus,
1489 1688 1492 1695 '

179 1772 345 1857 proficisci.
391 1770 550 1846 Quocirca
574 1771 600 1834 si
625 1771 731 1835 omnia
751 1771 872 1835 inertiae
894 1770 1013 1835 ratione
1036 1772 1142 1837 habitu
1168 1772 1209 1837 ad
1234 1772 1464 1838 observationes

63 1894 68 1904 ·
179 1879 311 1966 propilia
333 1880 492 1956 accedant,
515 1878 549 1943 id
564 1879 690 1965 quidem
704 1892 823 1943 nostrie
836 1878 967 1943 theorioe
981 1880 1151 1944 maximum
1166 1880 1274 1945 afferet
1288 1880 1465 1960 firmamen-

180 2001 259 2067 tum,
282 2000 375 2073 atque
396 1987 488 2051 simul
510 2008 618 2051 omnes
632 1986 708 2054 alies
722 2008 841 2063 causas,
864 2008 936 2071 quae
956 1998 1072 2070 praeter
1092 1986 1149 2051 has
1170 1987 1219 2051 vel
1240 2000 1313 2052 snnt
1333 1987 1465 2071 prolatoe

181 2097 232 2159 vel
246 2094 379 2180 proferri
392 2105 532 2178 possunt,
548 2092 704 2173 excludet,
722 2093 887 2179 irritasque
901 2092 1021 2157 reddet.
1068 2092 1151 2157 Ctlm
1172 2093 1267 2181 igitur
1281 2114 1467 2157 consensum

182 2203 276 2287 hujus
300 2199 429 2264 theoriae
455 2222 528 2263 cum
555 2200 784 2285 phaenomenis,
815 2222 891 2263 mox
919 2199 1014 2263 simus
1045 2198 1273 2265 evidentissimi
1302 2201 1465 2279 ostensuri,

183 2308 349 2393 quaestioni
370 2309 411 2372 ab
432 2306 548 2394 inclyti
571 2307 742 2372 Academid
763 2308 933 2393 propositas
948 2330 989 2371 ex
1003 2330 1071 2372 asse
1086 2308 1266 2374 satisfecisse
1282 2311 1355 2395 jure
1376 2311 1466 2375 nobis

184 2414 378 2479 videbimur:
413 2414 485 2479 crim
507 2436 572 2478 non
594 2415 696 2479 solum
718 2414 820 2479 nullas
843 2413 924 2477 vires
948 2410 1145 2501 inraginarias
1168 2416 1387 2496 effinxerimus,
1412 2418 1468 2483 sed

184 2527 278 2591 etiam
299 2525 412 2587 virium
434 2523 558 2588 Lunam
583 2523 751 2609 Solemque
771 2522 1003 2606 respicientium
1026 2524 1220 2587 existentiam
1241 2525 1366 2590 aliunde
1386 2525 1468 2591 dilu-

184 2635 254 2701 cide
275 2635 466 2698 evicerimus.
512 2635 625 2721 Neque
645 2656 719 2698 vero
739 2635 774 2697 in
794 2633 856 2698 hoc
877 2634 1004 2721 negotio
1024 2656 1095 2700 cum
1114 2634 1271 2721 plerisque
1291 2636 1469 2725 Anglorum

185 2744 226 2807 ad
241 2742 403 2829 qualitates
418 2741 553 2808 occultes
568 2764 675 2806 sumus
689 2740 819 2825 delapsi,
834 2738 944 2804 veriam
957 2742 1061 2825 potius
1076 2764 1201 2805 causam
1215 2742 1345 2807 istarum
1356 2744 1468 2809 virium

186 2850 283 2917 modo
303 2851 447 2915 rationali
467 2861 500 2915 et
521 2849 642 2937 legibus
662 2848 766 2914 motlrs
787 2854 997 2915 consentaneo
1010 2850 1044 2913 in
1058 2851 1227 2915 vorticibus
1242 2852 1467 2933 constituimus,

184 2983 319 3047 quorum
343 2960 475 3023 formam
496 2970 589 3045 atque
603 2958 741 3023 indolem
755 2956 928 3023 luculenter
943 2957 1099 3042 explicare
1112 2980 1292 3043 possemus3
1316 2961 1411 3049 idque
1425 2962 1470 3029 fe·

185 3070 341 3145 essemus,
365 3068 425 3131 nisi
447 3068 487 3131 ab
501 3067 569 3131 aliis
584 3065 657 3131 crim
669 3068 736 3151 jam
751 3065 825 3130 satis
839 3076 921 3129 esset
934 3065 1121 3151 expositum,
1137 3064 1205 3131 ttim
1219 3068 1314 3131 etiam
1328 3070 1368 3134 sb
1383 3069 1470 3135 illus-

185 3175 318 3241 trissimi
334 3160 505 3239 Acadimis
520 3174 553 3235 in
567 3184 723 3259 praesente
738 3172 911 3258 quaestione
926 3193 989 3235 non
1004 3172 1120 3259 requiri
1133 3172 1283 3240 videatur.

228 3289 252 3367 i.
269 3290 321 3351 ts.
344 3283 433 3347 Dum
454 3282 549 3368 igitur
570 3281 720 3352 hactenus
742 3303 832 3367 equae
854 3302 979 3344 omnem
993 3280 1135 3344 inertiam
1151 3281 1338 3368 cogitatione
1353 3282 1469 3355 ademi·

183 3413 265 3469 mus,
280 3391 339 3475 ipsi
354 3388 506 3473 ejusmodi
520 3388 698 3474 qualitatem
714 3387 900 3465 affirmimus,
914 3388 975 3471 quai
990 3386 1106 3449 viribus
1118 3386 1353 3451 sollicitantibus
1364 3386 1468 3451 subitb

183 3497 415 3581 obsequeretur,
432 3516 528 3579 seque
546 3494 580 3556 in
594 3493 722 3555 instanti
743 3493 776 3556 in
791 3514 863 3555 enm
878 3504 991 3555 statum
1006 3492 1166 3574 reciperet,
1182 3491 1215 3553 in
1230 3514 1293 3577 quo
1308 3514 1380 3557 eum
1394 3494 1468 3556 viri-

184 3604 244 3667 bus
267 3603 300 3663 in
323 3600 496 3686 aequilibrio
521 3600 719 3676 consisteret3
750 3598 872 3685 hocque
897 3610 990 3683 pacto
1014 3620 1127 3682 aquam
1152 3619 1217 3660 non
1241 3597 1342 3663 solium
1364 3600 1467 3665 subiti>
1510 3638 1522 3665 ι

181 3714 285 3778 omnis
299 3711 410 3776 motuis
434 3732 580 3795 capacem
601 3711 772 3796 posuimus,
797 3708 853 3772 sed
876 3708 968 3771 etiam
989 3708 1034 3770 ite
1055 3720 1275 3793 comparatam,
1299 3721 1334 3772 ut
1356 3712 1466 3796 quovis

180 3832 340 3896 momento
361 3842 485 3883 omnem
505 3819 671 3903 pristinum
692 3830 812 3882 motum
833 3818 963 3881 amittat
1008 3814 1119 3903 Longi
1142 3817 1230 3882 aliter
1245 3830 1348 3883 sutem
1365 3840 1416 3884 res
1432 3842 1466 3885 se

181 3929 286 4006 hebet,
309 3929 334 3992 si
355 3928 474 3992 inertiae
496 3928 577 3991 ratio
599 3927 630 3989 in
653 3938 835 4011 computum
855 3925 987 3990 ducatur
995 3948 1005 4002 ;
1027 3924 1096 3989 haec
1109 3926 1192 3991 enim
1207 3926 1300 3995 efficit
1314 3939 1350 3993 ut
1362 3928 1465 4013 primb

180 4060 262 4123 equa
282 4059 348 4101 non
368 4036 472 4101 subitd
494 4059 528 4099 se
549 4035 590 4100 ad
612 4057 685 4099 enm
700 4036 794 4099 situm
808 4044 984 4118 componat,
1007 4055 1102 4120 quem
1115 4034 1196 4099 vires
1210 4034 1386 4114 intendunt,
1409 4036 1465 4101 sed

182 4146 374 4231 pedetentim
394 4168 452 4231 per
473 4168 581 4211 omnes
602 4145 718 4233 gradus
740 4146 860 4209 medios
883 4144 923 4209 ad
944 4167 1016 4209 eum
1031 4146 1174 4222 accedat;
1195 4144 1310 4211 deinde
1323 4147 1398 4213 verb
1413 4172 1465 4215 ea.

179 4252 253 4319 dem
267 4252 377 4316 mertia
391 4252 424 4315 in
439 4264 602 4330 causaest,
619 4251 704 4338 qubd
719 4274 808 4337 aqua,
832 4249 903 4315 edm
924 4252 958 4315 in
973 4263 1086 4317 statum
1100 4252 1265 4339 oequilibrii
1278 4257 1463 4339 merserit,

179 4363 223 4426 ibi
237 4384 303 4425 non
317 4364 501 4448 acquiescat,
524 4362 579 4426 sed
594 4363 635 4427 ob
648 4374 770 4426 motum
791 4361 918 4424 insitum
933 4358 1015 4425 ultrei
1027 4362 1256 4449 progrediatur,
1279 4364 1383 4450 quoad
1396 4387 1464 4429 om·

180 4491 254 4533 nem
282 4482 402 4532 motum
431 4493 450 4533 a
478 4468 624 4553 potentiis
654 4467 856 4531 renitentibus
890 4468 1019 4531 amittat.
1086 4468 1138 4533 Ex
1173 4491 1236 4555 quo
1265 4472 1464 4557 perspicuum

180 4589 238 4656 est,
269 4577 402 4643 admissi
432 4577 542 4643 inertid
571 4600 670 4663 equae,
702 4601 721 4641 a
748 4578 896 4662 potentiis
925 4579 1159 4645 sollicitantibus
1188 4594 1308 4649 motum
1336 4580 1463 4649 omnint

180 4687 339 4756 diversum
360 4699 432 4753 actu
453 4687 590 4772 imprimi
610 4685 726 4751 debere
747 4686 787 4749 ab
807 4708 855 4764 eo,
880 4708 972 4771 quem
991 4688 1151 4779 reciperet,
1168 4690 1195 4755 si
1214 4690 1325 4757 inertie
1342 4689 1462 4775 privata
