3384 5459
438 444 629 511 FLUXUS
651 442 712 509 Ac
738 442 993 509 REFLUXUS
1017 442 1177 509 MARIS.
1385 450 1448 508 329
1509 534 1511 540 y

166 617 394 703 adjudicantur,
411 629 503 702 atque
517 615 558 679 ed
572 636 679 678 omnes
693 613 829 677 theorias
842 613 933 700 aeque
947 614 1114 699 pertinent.
1152 614 1367 690 Quamobrem
1380 614 1452 679 ulti-

165 750 253 791 mum
272 727 333 792 hoc
357 728 462 812 Caput
484 726 704 791 destinavimus
725 725 924 809 explicationi
945 724 1224 809 phoenomenorum
1246 724 1451 809 quorumdam

167 834 380 921 singularium,
403 854 538 918 quorum
558 854 654 895 causa
672 852 737 895 nou
751 847 813 894 tam
828 832 862 894 in
881 829 949 915 ipsd
964 830 1044 917 aqui
1059 832 1241 917 viribusque
1255 854 1323 894 eam
1339 831 1453 907 sollici·
1488 856 1491 862 ¹

168 944 318 1021 tentibus,
335 940 429 1029 quim
442 942 476 1005 in
491 940 592 1007 Terris
607 940 777 1005 continenti
791 940 1007 1027 littoribusque
1022 952 1069 1004 est
1084 939 1272 1026 quaerenda:
1295 939 1356 1003 hae
1370 940 1453 1003 enim

166 1066 256 1137 parte
276 1052 417 1119 absolutl
437 1052 517 1117 nihil
538 1050 670 1137 amplirls
685 1064 802 1116 restare
814 1051 948 1129 videtur,
971 1051 1056 1137 quod
1068 1051 1118 1115 vel
1133 1051 1174 1115 ad
1189 1050 1320 1129 theoriae
1333 1064 1453 1115 nostrae

169 1158 447 1236 confirmationem,
469 1159 519 1222 vel
539 1159 580 1222 ad
602 1159 742 1222 omnium
762 1158 1043 1243 phaenomenorum
1063 1160 1257 1245 adaequatam
1272 1160 1454 1243 explicatio-

165 1288 239 1330 nem
253 1266 424 1331 desiderari
439 1279 541 1352 queat.
591 1264 742 1341 Quamvis
764 1266 849 1331 enim
870 1264 1075 1330 illustrissima
1090 1266 1261 1331 Academia
1277 1278 1378 1330 totum
1393 1266 1454 1331 hoc

165 1385 384 1459 argumentum
404 1394 470 1435 uon
490 1369 614 1457 penitrls
636 1371 794 1436 exhauriri
811 1372 929 1458 jubeat,
954 1372 1026 1437 crim
1048 1374 1153 1438 adhuc
1171 1374 1337 1439 nonnullas
1352 1396 1453 1461 quaes·

165 1482 266 1544 tiones
287 1481 328 1545 de
353 1480 464 1545 eodem
483 1483 516 1544 in
538 1480 698 1565 posterum
718 1502 896 1566 proponere
919 1454 1137 1560 cbnstituisset,
1167 1496 1272 1548 tamen
1292 1485 1365 1570 quia
1391 1485 1453 1549 hoc

164 1601 308 1672 tempore
329 1609 402 1652 vera
423 1576 517 1651 causa
535 1588 664 1674 physica
686 1587 889 1666 desideratur,
912 1590 1074 1653 veritatem
1094 1602 1211 1655 nostrae
1233 1592 1364 1657 theoriae
1389 1612 1454 1655 non

165 1700 241 1764 satis
254 1698 434 1762 confirmari
447 1698 643 1775 arbitramur,
660 1698 720 1761 nisi
734 1699 800 1783 ejus
814 1699 1065 1763 convenientiam
1079 1720 1152 1762 cum
1164 1700 1308 1763 omnibus
1324 1700 1455 1784 phreno-

164 1804 265 1869 menis
279 1803 415 1869 dilucide
429 1804 673 1881 ostenderemus,
697 1802 770 1868 crim
783 1804 811 1867 si
827 1804 877 1868 vel
894 1804 1022 1868 unicum
1038 1804 1268 1889 phoenomenon
1283 1804 1455 1899 refragare-

166 1926 229 1991 tur,
254 1936 294 1978 eo
318 1914 388 1998 ipso
410 1926 476 1977 tota
497 1913 618 1977 theoria
643 1914 890 1989 subverteretur3
914 1932 1007 1999 quam
1030 1914 1071 1977 ob
1094 1936 1219 1977 causam
1244 1914 1455 1997 prolixitatem

164 2036 284 2085 nostrae
302 2023 504 2100 tractationis,
527 2035 619 2108 atque
640 2022 916 2110 transgressionem
934 2022 1067 2087 limitum
1088 2024 1341 2107 praescriptorum
1363 2026 1455 2089 nobis

170 2128 238 2191 sine
253 2126 434 2193 difficultate
448 2128 658 2193 condonatum
672 2130 711 2191 iri
726 2128 921 2193 confidimus.

209 2242 234 2317 t.
253 2244 325 2300 113.
350 2234 493 2299 Primrlm
506 2249 610 2299 autem
624 2235 825 2319 perspicuum
839 2246 895 2313 est,
911 2247 1030 2300 motum
1045 2237 1139 2299 maris
1154 2235 1377 2302 horizontalem
1393 2260 1456 2324 quo

163 2342 215 2406 vel
228 2340 335 2406 versds
351 2344 502 2406 orientem
517 2343 566 2407 vel
581 2343 774 2407 occidentem
788 2342 997 2429 progreditur,
1021 2345 1064 2409 ob
1079 2344 1213 2409 Terram
1234 2347 1452 2431 interpositam

165 2471 231 2513 non
254 2449 355 2513 solum
375 2450 562 2534 perturbari,
585 2448 695 2513 verdm
709 2449 800 2514 etiam
816 2450 1004 2535 quandoque
1025 2470 1153 2534 prorsus
1171 2452 1315 2536 impediri
1332 2453 1456 2517 debere.

166 2557 270 2643 Suprd
285 2560 369 2622 enim
382 2558 586 2636 ostendimus,
602 2559 629 2623 si
648 2571 714 2622 tota
729 2558 831 2621 Terra
845 2558 926 2643 aqud
946 2570 1026 2622 esset
1041 2560 1235 2636 circumfusa,
1258 2572 1326 2623 turn
1339 2560 1458 2646 ubique

164 2666 206 2729 ad
226 2668 348 2730 fluxum
369 2665 567 2731 formandum
588 2688 701 2752 aquam
723 2666 764 2729 ab
784 2666 906 2729 oriente
927 2665 1039 2729 advehi
1062 2666 1188 2743 debere,
1212 2678 1286 2730 ante
1300 2667 1455 2730 refluxum

164 2786 269 2838 autem
293 2772 399 2838 vereris
424 2784 528 2837 ortum
554 2772 699 2837 defluere.
743 2770 891 2847 Quodsi
915 2791 992 2859 ergo
1014 2792 1147 2835 oceanus
1169 2770 1277 2836 vernis
1298 2769 1452 2837 orientem

166 2880 275 2944 Terris
298 2880 490 2958 terminetur,
516 2880 584 2945 fieri
609 2881 738 2944 omnino
762 2881 872 2965 nequit
896 2890 1036 2965 tempore
1060 2878 1166 2943 fluxiis
1192 2880 1324 2943 adhaec
1349 2880 1456 2945 littora

164 3010 247 3072 aqua
266 2989 308 3051 ab
329 2990 448 3053 oriente
469 2988 583 3066 affluat,
606 3010 670 3075 quo
685 2990 755 3074 ipsp
769 3009 880 3052 cursus
893 3010 983 3074 aquae
997 2986 1147 3052 naturalis
1161 2987 1286 3073 penitrls
1302 2991 1456 3075 impedie-

165 3106 227 3157 tur.
273 3092 432 3170 Quoniam
446 3109 549 3162 autem
563 3096 644 3160 vires
661 3096 743 3161 Solis
757 3119 795 3160 ac
818 3096 920 3160 Lunae
934 3094 1136 3160 nibilominits
1153 3095 1203 3161 his
1224 3098 1258 3161 in
1274 3099 1456 3186 regionibus

165 3224 253 3266 mare
273 3206 414 3271 attollere
436 3219 598 3290 conantur,
621 3204 765 3270 effectum
787 3204 936 3291 consequi
959 3226 1024 3268 non
1046 3216 1205 3289 poterunt,
1229 3206 1291 3270 nisi
1314 3230 1395 3293 aqua
1416 3209 1457 3273 ab

165 3314 327 3379 occidente
342 3316 504 3380 afferatur:
528 3320 572 3381 sic
587 3317 713 3402 quando
728 3318 769 3381 ad
783 3318 889 3380 littora
906 3316 1044 3401 Europae
1059 3340 1139 3403 aqua
1154 3341 1174 3380 a
1187 3318 1305 3381 viribus
1323 3319 1404 3383 Solis
1418 3342 1456 3383 ac

166 3421 269 3485 Lunae
289 3423 436 3500 elevatur,
458 3447 539 3511 aqua
553 3425 593 3487 ab
606 3425 768 3488 occidente
782 3424 820 3487 eb
835 3423 992 3487 deferatur
1006 3444 1131 3487 necesse
1147 3434 1203 3501 est,
1227 3424 1267 3486 ab
1281 3424 1318 3486 iis
1334 3425 1455 3491 'scilicet

165 3532 353 3617 regionibus,
377 3533 432 3595 ubi
453 3555 534 3619 aqua
548 3532 659 3596 eodem
676 3542 817 3616 tempore
834 3531 1028 3615 deprimetur
1037 3554 1046 3606 ;
1070 3504 1156 3615 quod
1175 3529 1260 3593 idem
1276 3531 1346 3595 fieri
1361 3530 1456 3597 debet

163 3640 205 3703 ad
225 3640 331 3705 littora
346 3640 463 3706 Africa
477 3655 509 3704 et
524 3642 680 3705 Amerioae
703 3626 916 3704 occidentalia.
964 3637 1172 3703 Contrdverb
1188 3638 1228 3703 ad
1243 3620 1352 3703 littora
1367 3640 1455 3705 Asiae

164 3762 196 3812 et
220 3750 375 3813 Amerieae
401 3749 563 3815 orientalia
587 3772 668 3835 aqua
692 3748 826 3813 naturali
854 3758 941 3811 motu
967 3746 1092 3825 feretur,
1119 3757 1212 3832 atque
1237 3747 1271 3809 in
1295 3748 1385 3810 fluxu
1414 3750 1454 3811 ab

164 3856 283 3920 oriente
298 3856 449 3934 adveniet,
466 3857 499 3919 in
513 3857 636 3921 refluxu
649 3856 725 3919 verb
740 3854 849 3919 versus
864 3855 1014 3919 orientem
1029 3854 1163 3919 recedet
1209 3854 1301 3917 Vires
1318 3876 1453 3940 namque

165 3964 248 4027 Solis
269 3986 306 4028 ac
327 3964 430 4029 Lunoe
452 3978 572 4028 motum
593 3985 685 4050 aquae
705 3962 930 4027 horizontalem
950 3984 1015 4026 non
1036 3981 1094 4046 per
1108 3984 1141 4026 se
1155 3962 1373 4040 determinant,
1397 3963 1454 4027 sed

163 4052 291 4135 edtenus
312 4084 444 4150 tantum,
467 4072 619 4157 quatenus
634 4070 701 4135 aliis
721 4072 755 4133 in
776 4070 854 4134 locis
869 4090 983 4156 aquam
997 4069 1151 4147 attollunt,
1168 4068 1236 4132 aliis
1250 4067 1326 4133 verb
1341 4068 1452 4133 eodem

165 4189 308 4260 tempore
332 4176 531 4261 deprimunt3
569 4189 663 4264 atque
687 4198 769 4264 aqua
794 4177 836 4240 ob
860 4178 1020 4261 propriam
1045 4176 1229 4263 gravitatem
1254 4196 1327 4238 erun
1352 4175 1454 4263 seligit

163 4294 296 4361 motum,
319 4305 383 4369 quo
403 4282 547 4347 facillime
569 4308 589 4347 a
608 4285 686 4349 locis
701 4285 813 4371 quibus
828 4285 1022 4367 deprimitur,
1039 4284 1079 4347 ad
1093 4284 1163 4347 loca
1177 4284 1288 4369 quibus
1303 4284 1456 4350 attollitur

162 4406 402 4479 promoveatur:
425 4395 629 4482 quamobrem
649 4397 709 4460 iste
729 4408 832 4460 motus
856 4393 992 4459 maxime
1014 4418 1034 4459 a
1048 4395 1157 4459 Terris
1179 4416 1331 4459 oceanum
1354 4397 1454 4460 inclu-

163 4500 311 4567 dentibus
326 4503 550 4569 detenninetur
564 4526 691 4569 necesse
705 4518 761 4571 est.
808 4504 897 4569 Hinc
911 4506 1006 4593 igitur
1020 4503 1182 4589 perspecte
1197 4506 1350 4590 positione
1369 4506 1453 4583 littq-

165 4628 240 4670 rum
263 4608 397 4693 cujusvis
419 4612 514 4674 maris
535 4610 625 4675 facile
639 4612 763 4675 definiri
784 4614 908 4697 poterit,
932 4633 1100 4699 equanam
1112 4612 1206 4701 plagd
1222 4638 1303 4700 aqua
1317 4614 1348 4675 in
1364 4614 1452 4677 fluxu

166 4716 280 4795 venire,
304 4741 515 4806 quorsumque
536 4720 570 4784 in
590 4722 715 4787 refluxu
736 4721 886 4786 decedere
909 4721 1029 4801 debeat,
1053 4723 1080 4786 si
1101 4722 1196 4787 modd
1219 4722 1404 4786 elevationes
1421 4736 1452 4787 et
