3384 5459
275 384 353 449 xviii
640 442 643 451 ,
756 385 1087 455 INTRODUCTIO
1162 446 1165 453 .
1414 383 1517 469 [Car.
1532 388 1560 455 l.

271 558 313 623 sit
334 558 375 624 M
397 558 435 638 P,
459 558 574 623 dautur
584 553 628 622 in
649 560 808 649 triangulo
824 563 849 627 S
864 562 905 627 M
921 562 1044 627 Plutus
1061 561 1089 627 P
1104 561 1128 626 S
1143 558 1406 645 complementum
1419 559 1559 627 declina-

261 665 370 733 tionis,
385 678 417 730 et
437 664 569 751 angulus
586 664 630 729 AE
654 665 682 731 P
703 667 748 743 D,
771 670 860 753 cujus
874 681 923 732 est
935 688 1084 733 mensura
1099 666 1145 733 AE
1166 666 1211 744 D,
1227 688 1269 731 ex
1282 666 1344 753 qud
1358 668 1386 731 si
1399 666 1559 735 auferamr

270 772 429 859 quadrans
444 770 490 834 AE
505 782 547 847 tr,
564 769 691 835 dabitur
704 776 847 840 ascensio
862 786 949 838 recta
962 786 993 833 ‘t‘
1010 774 1065 843 D..

259 926 264 934 ·
316 890 365 955 19,
382 881 435 945 Ex
449 879 628 965 hujusmodi
642 882 911 947 observationibus
921 894 954 948 et
964 881 1091 961 calcidis
1104 881 1268 947 inventum
1276 893 1325 945 est
1338 880 1474 959 fixarum
1487 883 1558 947 lati·

268 985 393 1051 tudines
401 986 607 1051 immutabiles
618 1009 698 1065 esse,
710 988 922 1076 longitudines
932 988 1008 1054 verb
1018 1011 1076 1075 per
1084 989 1225 1076 singulos
1235 1010 1334 1054 annos
1346 998 1387 1055 50
1399 992 1556 1070 secundis,

269 1106 301 1159 et
313 1117 371 1181 per
385 1118 483 1161 annos
507 1104 548 1164 72
570 1096 671 1183 gradu
685 1118 749 1161 uno
763 1098 1003 1183 quamproxime
1024 1098 1142 1186 augeri.
1192 1095 1288 1163 Unde
1301 1096 1502 1163 manifestum
1519 1101 1559 1165 fit

258 1202 373 1267 stellas
395 1202 474 1265 fixas
496 1214 584 1285 motu
605 1202 735 1287 proprio
757 1203 813 1267 sed
834 1204 1007 1269 lentissimo
1028 1204 1062 1267 in
1083 1203 1206 1269 circulis
1224 1203 1378 1289 eclipticae
1395 1206 1553 1289 parallelis

267 1312 416 1400 progredi
431 1313 463 1376 iu
479 1313 709 1397 consequentia,
728 1324 783 1377 aut
796 1313 823 1377 si
837 1314 935 1381 stellae
946 1313 1019 1379 fixoe
1030 1314 1116 1379 omni
1130 1313 1260 1398 proprio
1274 1323 1362 1377 motu
1376 1314 1551 1398 priventur,

259 1434 384 1506 puncta
398 1423 627 1509 aequinoctialia
640 1422 770 1511 singulis
785 1423 875 1487 annis
889 1424 922 1487 in
938 1422 1151 1489 antecedentia
1161 1421 1280 1484 moveri
1290 1443 1348 1504 per
1359 1443 1467 1485 arcum
1481 1424 1553 1504 50¹²,

257 1530 360 1616 atque
374 1530 446 1595 haec
459 1542 506 1597 est
519 1530 684 1615 praecessio
698 1531 956 1617 aequmoctiorum
966 1554 1008 1593 ex
1018 1530 1080 1615 qut
1095 1531 1133 1593 lit
1147 1540 1182 1593 ut
1193 1528 1250 1593 Sol
1263 1540 1352 1593 motu
1366 1532 1497 1616 proprio
1511 1534 1554 1597 ab

268 1640 454 1725 aequinoctio
474 1641 516 1705 sd
536 1641 620 1707 idem
641 1641 864 1728 aequinoctium
885 1637 976 1704 citiris
996 1649 1169 1704 revertatur
1182 1634 1278 1723 quim
1292 1637 1416 1705 astella
1430 1638 1495 1705 fixi
1510 1641 1552 1706 ad

256 1746 430 1812 eandem,
468 1749 579 1815 Annus
608 1748 704 1835 igitur
734 1746 843 1812 solaris
868 1744 1093 1831 requinoetialis
1122 1741 1246 1807 brevior
1271 1755 1318 1807 est
1339 1766 1427 1819 ,anno
1443 1746 1552 1823 solari

256 1856 398 1935 sidereo,
420 1856 482 1923 hoc
503 1870 549 1922 est
569 1858 695 1921 brevior
709 1869 755 1921 est
770 1867 910 1939 tempore
926 1854 1017 1917 unius
1032 1850 1233 1915 revolutionis
1250 1850 1331 1915 Solis
1347 1875 1366 1916 a
1380 1852 1470 1919 stella
1484 1856 1550 1922 fixe

257 1962 308 2027 ,ud
329 1963 461 2027 eandem
482 1963 595 2039 fixam3
618 1961 792 2029 differentia
806 1973 854 2024 est
867 1964 917 2025 20¹
936 1960 992 2028 17st
1008 1980 1072 2044 quo
1086 1970 1228 2041 tempore
1244 1958 1301 2022 Sol
1313 1970 1402 2023 motu
1421 1965 1552 2048 proprio

266 2092 374 2135 arcum
389 2075 447 2137 50''
463 2071 604 2135 conficit.
642 2070 701 2134 Est
714 2067 905 2157 engbauuus
919 2068 1059 2132 sidereus
1075 2065 1189 2133 365⁶*
1204 2064 1269 2131 6¹¹⁰*-
1284 2069 1314 2132 9'
1332 2070 1400 2136 17⁹.

310 2184 362 2241 20.
387 2176 553 2241 Stellarum
567 2174 745 2243 distantiam
759 2175 891 2267 dicimus
905 2196 1014 2242 arcum
1029 2173 1137 2237 circuli
1151 2173 1280 2237 maximi
1295 2174 1376 2238 inter
1391 2176 1551 2242 stellartuu

267 2300 374 2353 centra
393 2287 662 2373 comprehensum,
684 2298 748 2365 aut,
771 2285 858 2375 quod
880 2283 993 2349 eodem
1014 2281 1105 2361 redit,
1129 2280 1395 2371 angulumquem
1416 2298 1511 2351 rectae
1530 2310 1552 2353 a

267 2398 381 2463 centris
403 2397 563 2463 stellarum
573 2396 625 2461 'ad
646 2396 771 2461 oculum
786 2407 906 2481 specta·

266 2505 343 2569 toris
364 2505 467 2570 ductae
488 2505 633 2571 efficiunt.
680 2504 714 2570 Si
736 2526 797 2589 ope
812 2504 904 2567 semi·

268 2613 377 2679 circuli
408 2614 458 2678 vel
493 2614 673 2701 quadrantis
703 2612 906 2677 observentur

265 2720 421 2787 distantiae
435 2722 532 2787 stellae
546 2722 676 2807 alicujus
691 2720 731 2785 ab
746 2720 812 2785 aliis
827 2720 905 2784 dua·

264 3165 332 3219 esto
355 3152 497 3239 ecliptica
522 3154 551 3218 E
578 3154 616 3231 L,
641 3153 732 3240 polus
758 3153 823 3239 ejus
851 3151 901 3230 M,

264 3260 362 3325 stellae
376 3273 460 3327 notae
473 3260 676 3349 longitudinis
688 3274 720 3327 et
732 3260 902 3325 latitudiuis
979 3338 985 3361 ,

267 3370 290 3435 S
312 3382 344 3433 et
366 3368 403 3447 F,
426 3370 517 3433 tertia
538 3369 626 3433 stella
647 3369 690 3434 D.
735 3368 904 3435 Ducentur

265 3490 327 3541 tres
338 3476 446 3540 circull
455 3474 628 3540 latitudinis
639 3474 677 3539 M
688 3476 723 3540 D
739 3476 777 3554 E,
790 3475 830 3540 M
841 3476 903 3541 SB

264 3598 296 3650 et
321 3583 361 3651 M
384 3586 411 3651 F
432 3586 474 3665 Α,
498 3586 621 3672 sintque
643 3583 726 3649 datm
747 3583 902 3649 distantiae

265 3694 298 3759 D
312 3695 376 3759 Set
387 3692 421 3757 D
434 3694 469 3757 F.
501 3693 586 3770 Quia
597 3693 711 3757 dautur
721 3692 899 3757 latitudines

265 3800 289 3863 S
301 3798 329 3863 B
344 3812 375 3863 et
389 3798 417 3863 F
430 3800 461 3864 A
476 3798 635 3865 stellarum
652 3800 717 3865 Set
730 3798 766 3875 F,
783 3798 942 3863 dabuntur
954 3814 1064 3865 earum
1077 3802 1306 3887 complementa
1321 3802 1345 3867 S
1361 3801 1402 3866 M
1415 3814 1448 3866 et
1463 3803 1490 3867 F
1505 3802 1547 3869 M

234 3898 239 3909 ’
262 3926 334 3969 cum
349 3904 465 3991 angulo
477 3904 506 3969 B
518 3904 558 3969 M
571 3906 611 3983 Α,
628 3906 715 3990 cujus
728 3926 875 3969 mensura
890 3916 937 3969 est
950 3928 1041 3970 arcus
1057 3906 1139 3985 BA,
1155 3907 1330 3973 differentia
1340 3908 1545 3995 longitudinis

262 4008 420 4073 stellarum
443 4012 466 4075 S
488 4022 520 4075 et
544 4010 580 4089 F,
596 4023 627 4075 et
641 4011 713 4077 ideo
727 4012 760 4077 in
775 4010 934 4099 triangulo
951 4013 974 4077 S
990 4012 1018 4076 F
1032 4013 1083 4091 M,
1106 4014 1232 4079 dabitur
1248 4017 1271 4081 S
1288 4015 1324 4092 F,
1340 4037 1414 4079 cum
1427 4018 1546 4103 angulo

264 4114 302 4180 M
320 4116 343 4181 S
366 4116 402 4179 F.
454 4116 546 4182 Datis
568 4118 609 4181 in¹
623 4118 779 4207 triangulo
799 4119 834 4184 D
859 4120 882 4183 8
906 4118 942 4196 F,
966 4118 1066 4183 tribus
1088 4120 1237 4185 lateribus
1260 4121 1386 4186 dabitur
1411 4124 1545 4211 angulus

262 4222 295 4286 D
313 4222 336 4287 S
353 4220 388 4299 F,
405 4232 437 4285 et
451 4222 476 4284 si
492 4244 532 4287 ex
548 4234 623 4290 ³60⁰
638 4246 692 4289 seu
707 4238 842 4311 quatuor
856 4224 981 4311 angulis
995 4227 1087 4290 rectis
1102 4228 1293 4293 subducatur
1307 4251 1432 4294 summa
1444 4254 1544 4317 augu-

260 4328 363 4394 lorum
384 4331 528 4395 datorum
551 4334 584 4397 D
609 4335 631 4398 S
655 4334 683 4397 F
703 4345 736 4397 et
752 4334 778 4398 F
794 4334 818 4397 S
833 4333 884 4410 M,
901 4332 1028 4399 dabitur
1042 4336 1175 4423 ungulus
1190 4338 1224 4401 D
1240 4337 1264 4401 S
1281 4336 1331 4414 M,
1348 4360 1420 4401 eum
1435 4361 1498 4423 quo
1512 4354 1546 4404 et

259 4439 341 4502 notis
356 4439 502 4503 lateribus
518 4440 552 4505 D
569 4442 592 4505 S
607 4455 638 4505 et
654 4443 677 4507 S
694 4430 743 4519 M,
770 4442 965 4527 reperientur
979 4444 1060 4507 lutus
1075 4445 1115 4508 M
1130 4445 1163 4510 D
1178 4446 1443 4530 complementum
1458 4472 1545 4532 quae-

260 4544 329 4611 sitae
343 4543 512 4611 latitudiuis
527 4548 625 4613 stellae
640 4550 684 4625 D,
702 4561 734 4613 et
748 4548 882 4635 angulus
898 4549 927 4615 Ii
943 4549 982 4615 Μ
996 4549 1024 4615 Β
1038 4552 1126 4637 cujus
1140 4573 1287 4617 mensura
1297 4566 1344 4617 est
1357 4576 1448 4618 arcus
1460 4554 1490 4620 E
1503 4556 1542 4635 B,
