3384 5459
249 403 312 461 298
497 392 765 470 INQUISITIO
789 388 994 458 PHYsch
1017 390 1068 457 IN
1091 384 1287 457 CAUSRM

247 576 347 642 esset,
379 566 466 649 cujus
489 564 675 628 discriminis
698 565 779 629 ratic
804 564 949 648 exemplo
979 563 1119 647 corporis
1143 562 1273 648 penduli
1298 560 1463 627 commode
1490 562 1531 627 ob
1655 627 1660 636 ,

246 672 354 736 oculos
367 672 443 755 poni
457 683 568 755 potest
613 672 773 736 Ponamus
787 672 871 735 enirn
885 692 1001 755 corpus
1014 668 1186 754 pendulum
1202 668 1234 735 Ο
1251 662 1334 735 Οὐδ
1347 670 1530 760 gravitatem

247 784 340 847 situm
354 795 462 847 tenens
478 782 665 861 verticalem
681 806 701 847 a
713 783 746 846 ri
761 782 909 869 quipiam
925 780 958 845 in
972 781 1055 845 latus

247 891 418 956 secunddm
444 891 646 955 directionem
678 889 769 954 cM
798 889 967 953 sollicitari.
1013 888 1048 955 Si
1142 894 1162 943 ⁰

246 1023 330 1065 nunc
350 1000 413 1065 hoc
433 1001 607 1085 pendulum
623 999 734 1063 inertia
750 1010 879 1075 careret,
897 1017 951 1061 seu
965 997 1048 1083 ejus-

245 1108 332 1173 modi
347 1122 428 1173 esset
442 1108 567 1185 indolis,
591 1108 678 1192 cujus
693 1128 807 1193 aquam
819 1105 972 1171 hactenus
995 1126 1047 1195 su7

245 1240 315 1281 mus
330 1218 541 1303 contemplati,
556 1230 624 1281 tum
639 1216 742 1281 subiti)
757 1218 852 1281 situm
867 1216 899 1281 Ο
911 1216 951 1281 Μ
966 1215 1046 1280 acci·

244 1338 343 1410 peret,
369 1326 402 1389 in
422 1347 488 1411 quc·
508 1325 578 1389 haec
597 1326 643 1390 vis
663 1348 735 1391 cum
755 1326 907 1411 gravitate
926 1324 1046 1411 oequili-

245 1432 350 1498 brium
374 1444 503 1497 teneret.
563 1435 608 1497 At
632 1433 704 1497 clim
732 1433 904 1517 pendulum
930 1432 1045 1512 inertiri

244 1540 414 1626 praeditum
435 1538 659 1617 consideratur,
681 1551 754 1623 post
772 1538 900 1624 aliquod
919 1536 1045 1602 demum

244 1659 368 1733 tempus
383 1648 522 1732 elapsum
537 1648 577 1712 ad
592 1649 686 1712 situm
701 1647 733 1713 0
749 1648 790 1712 Μ
808 1648 985 1733 perveniet:
1008 1669 1044 1711 ac

245 1754 361 1819 deinde
381 1756 455 1841 quia
476 1767 561 1820 motu
576 1756 746 1820 accelerato
761 1755 799 1819 ed
820 1756 978 1843 pertingit,
1001 1754 1045 1819 ibi

244 1863 476 1949 conquiescet,
503 1862 557 1927 sed
579 1862 661 1928 uitri
682 1874 837 1939 excurret,
860 1860 938 1947 putri
958 1866 991 1927 in
1013 1862 1046 1927 N
1145 1921 1146 1931 ,

245 1992 355 2057 usque,
371 1972 416 2035 ita
429 1984 464 2035 ut
479 1969 613 2056 spatium
626 1970 653 2033 C
665 1969 698 2033 N
712 1969 811 2034 fere
786 1983 827 2034 srt
837 1970 935 2055 duplo
945 1970 1128 2090 majusc
1153 2047 1159 2066 .

246 2079 347 2163 spatio
377 2078 405 2145 C
428 2079 478 2156 M,
507 2080 612 2163 prouti
641 2079 778 2143 calculus
808 2077 891 2143 clare
919 2079 1044 2144 indicat.

248 2187 382 2270 Propter
409 2187 552 2250 inertiam
583 2187 679 2274 igitur
706 2185 878 2272 pendulum
908 2182 1045 2273 primum

244 2292 364 2357 tardius
385 2295 416 2357 vi
438 2295 615 2359 sollicitanti
637 2296 841 2380 obtemperat,
858 2307 951 2382 atque
966 2319 985 2359 a
1000 2296 1061 2359 situ
1075 2289 1242 2379 aequilibrii
1260 2286 1396 2367 recedit3
1418 2286 1528 2352 deinde

246 2398 321 2463 veri)
347 2401 438 2464 etiam
462 2402 561 2489 marris
585 2400 712 2479 recedit,
738 2404 950 2488 majoremque
977 2400 1195 2466 excursionem
1221 2394 1356 2473 conficit,
1388 2393 1480 2481 quim
1504 2397 1528 2458 si

244 2509 357 2574 inertiri
379 2523 515 2586 careret3
538 2532 608 2596 quae
630 2524 703 2574 sunt
716 2532 763 2574 eae
777 2512 855 2595 ipsae
870 2510 942 2574 duae
957 2533 1016 2587 res,
1033 2509 1066 2571 in
1081 2506 1193 2594 quibus
1209 2503 1329 2567 theoria
1345 2492 1416 2568 antri
1435 2526 1529 2587 expo·

246 2616 306 2680 sita
320 2617 360 2681 ab
374 2616 565 2701 experientia
580 2616 716 2680 maxime
731 2617 894 2681 dissentire
909 2617 1103 2701 deprehensa
1117 2628 1172 2681 est.

287 2728 313 2805 §-
331 2729 382 2791 74.
407 2724 442 2787 Si
455 2744 541 2787 nunc
556 2723 639 2787 istud
653 2724 785 2808 penduli
800 2726 978 2810 exemplum
993 2725 1037 2789 ad
1051 2736 1194 2789 nostrum
1208 2742 1314 2785 casum
1329 2718 1423 2785 aesttrs
1437 2720 1528 2783 maris

247 2834 480 2913 transferamus,
503 2834 637 2919 primd
628 2858 739 2922 ingens
760 2836 958 2900 similitudo
949 2858 982 2897 1n
998 2836 1059 2899 situ
1082 2831 1212 2935 penduli
1234 2831 1372 2896 verticuli
1394 2852 1431 2894 ac
1450 2842 1530 2895 statu

247 2942 343 3007 maris
357 2940 501 3018 naturali
518 2962 611 3027 quem
627 2942 747 3005 obtinet
761 2943 887 3005 remotis
901 2942 1047 3025 potentiis
1063 2938 1209 3017 externis,
1226 2938 1417 3001 observatur.
1447 2936 1529 3001 Nam

246 3047 509 3132 quemadmodum
532 3047 714 3132 pendulum,
740 3049 766 3111 si
791 3050 824 3112 in
849 3070 1067 3135 quamcunque
1091 3047 1217 3133 plagam
1240 3045 1281 3109 de
1307 3046 1368 3109 situ
1392 3045 1528 3109 verticuli

246 3154 427 3233 declinemr,
449 3155 579 3239 proprii
601 3157 633 3218 vi
653 3158 813 3243 gravitafis
829 3179 862 3221 se
877 3158 910 3219 in
925 3156 1059 3220 eundem
1072 3157 1192 3241 recipit,
1214 3156 1257 3219 ita
1278 3155 1371 3219 etiam
1392 3178 1482 3240 aqua,
1504 3154 1529 3217 si

244 3282 287 3325 ex
302 3260 363 3325 situ
377 3282 434 3325 suc
449 3260 615 3346 aequilibrii
630 3260 814 3345 depellatur,
829 3262 861 3323 vi
876 3263 1034 3349 gravitatis
1051 3284 1084 3325 se
1100 3262 1140 3325 ad
1155 3261 1288 3325 eundem
1303 3260 1474 3343 componit,
1494 3281 1528 3322 ac

244 3384 399 3456 praeterea
412 3370 530 3455 pariter
548 3392 585 3433 ac
606 3369 777 3453 pendulum
793 3370 999 3434 oscillationes
1021 3371 1154 3457 peragit,
1177 3354 1351 3453 cujusmodi
1365 3356 1528 3433 oscillatio-

244 3500 323 3543 num
337 3502 429 3543 casus
443 3480 476 3542 in
491 3502 573 3564 aqua
587 3479 742 3543 observati
762 3480 878 3564 passim
896 3482 1094 3544 inveniuntur
1109 3480 1251 3563 expositi.
1297 3478 1423 3543 Deinde
1438 3480 1527 3541 edam

182 3604 194 3629 ·
246 3584 339 3647 simili
361 3584 467 3661 modo,
491 3605 554 3669 quc
575 3584 757 3668 pendulum,
781 3606 867 3648 mare
883 3584 945 3670 quir
964 3586 1063 3673 magis
1078 3608 1119 3648 ex
1133 3585 1194 3648 situ
1210 3607 1267 3647 suo
1282 3584 1416 3650 naturali
1438 3583 1528 3647 suerit

245 3693 456 3770 detrubatum,
471 3691 510 3755 ed
523 3694 673 3775 majorem
694 3691 823 3756 habebit
838 3694 900 3756 vim
916 3715 983 3757 sese
998 3694 1031 3755 in
1045 3694 1137 3757 situm
1153 3690 1317 3777 aequilibrii
1335 3690 1526 3755 restituendi.

246 3800 344 3879 Quod
359 3802 385 3863 si
407 3801 503 3887 igitur
517 3821 604 3863 mare
617 3823 638 3863 a
652 3799 768 3863 viribus
790 3802 936 3879 externis,
963 3800 1043 3865 Solis
1065 3800 1183 3863 scilicet
1197 3822 1233 3863 ac
1248 3800 1359 3877 Lunae,
1376 3824 1452 3865 mox
1467 3802 1527 3865 ele·

243 3920 335 3971 vetur
354 3928 430 3971 mox
451 3905 653 3990 deprimatur,
676 3928 801 3971 neeesse
823 3919 871 3971 est
893 3919 929 3970 ut
950 3906 1024 3971 inde
1044 3920 1147 3971 motus
1162 3906 1365 3971 oscillatorius
1382 3932 1435 3972 seu
1452 3908 1526 3973 reci-

243 4034 358 4100 procus
383 4013 501 4077 oriatur
524 4012 615 4075 aestui
639 4011 731 4077 maris
755 4012 884 4077 omnino
903 4013 1019 4090 similis,
1043 4013 1096 4099 qui
1119 4024 1222 4076 autern
1243 4034 1301 4098 per
1322 4013 1407 4101 leges
1426 4017 1528 4083 morus

245 4118 409 4185 difficulter
430 4118 554 4185 definiri
576 4131 669 4205 queat
690 4117 833 4183 accurati
855 4118 1001 4205 quidem;
1027 4141 1100 4185 nuru
1114 4140 1189 4181 vero
1207 4120 1360 4203 proxime,
1383 4120 1445 4185 hcc
1467 4144 1526 4185 uon

244 4226 324 4291 adeo
344 4229 404 4291 erit
424 4226 559 4291 difficile.
603 4226 689 4290 Duoe
710 4238 816 4289 autem
835 4238 909 4290 sunt
929 4247 990 4303 res,
1015 4248 1085 4311 quae
1103 4226 1277 4290 absolutam
1299 4250 1335 4291 ac
1358 4226 1529 4313 perfectas
1552 4244 1555 4251 “

243 4335 340 4401 totius
362 4335 465 4399 motis
489 4334 779 4401 determinationem
809 4334 1007 4421 summopere
1035 4336 1172 4399 reddunt
1200 4336 1366 4414 difficilem,
1397 4360 1528 4423 quarum

243 4447 340 4512 altera
353 4445 514 4530 physicam
528 4457 655 4530 spectat,
679 4457 773 4531 atque
786 4446 820 4509 in
835 4446 901 4530 ipsa
887 4446 1083 4511 fluidorum
1098 4446 1208 4513 naturai
1225 4449 1371 4553 consistit,
1396 4472 1528 4555 quorum

243 4566 348 4619 motus
376 4551 541 4616 difficulter
569 4554 609 4617 ad
639 4554 794 4618 caleulum
823 4568 995 4632 revocatur,
1025 4556 1185 4640 praecipue
1214 4556 1240 4619 si
1269 4558 1401 4642 quaestio
1425 4560 1466 4624 sit
1478 4560 1528 4623 de

245 4653 436 4745 amplissimo
464 4666 593 4734 occano,
623 4660 677 4743 qui
702 4660 807 4723 aliis
798 4682 832 4725 tn
861 4660 937 4725 locis
962 4660 1108 4739 elevetur,
1135 4662 1203 4725 eliis
1228 4654 1303 4727 verd
1327 4663 1529 4750 deprimatur.
