3384 5459
261 428 328 494 xxii
340 482 342 489 .
738 430 1072 499 [NTRODUCTIO
1387 430 1478 508 *Can
1493 428 1541 522 fl?

302 607 354 663 24.
379 600 414 665 si
435 599 646 687 atmomhaera
664 602 692 667 C
708 601 744 665 X
760 602 788 666 F
804 602 836 667 Ο
853 600 892 665 Μ
908 603 940 666 Α
955 600 1066 665 Terroe
1080 600 1112 664 A
1126 599 1161 665 D
1177 598 1217 664 M
1231 598 1427 675 circumfusa,
1443 598 1543 663 divisa

256 707 447 795 intelligatur
461 708 495 771 in
508 709 687 773 innumeras
701 708 882 793 superficies
898 708 1067 793 sphaerioas
1080 706 1200 771 telluris
1214 705 1390 790 superficiei
1408 728 1542 770 conuen-

249 816 349 879 ⁴tricae
366 816 394 879 C
409 813 445 877 X
460 815 488 879 F
505 815 546 894 Ο,
564 815 676 881 BVE
689 816 720 881 N
735 818 789 881 aiir
803 815 885 883 inter
899 813 977 881 duas
990 813 1169 901 hujusmodi
1182 812 1363 899 superficies
1377 825 1541 881 oontentus

209 960 214 965 ·
255 934 287 987 et
329 923 408 987 adria
446 924 615 1009 superioris
1369 959 1373 967 1

217 1118 221 1123 .
253 1030 392 1115 pondere
415 1052 611 1116 compressus

254 1138 293 1203 ed
317 1138 444 1203 densior
469 1140 529 1203 erit
549 1136 614 1225 qud

243 1242 357 1335 ,minias
373 1268 392 1309 a
405 1246 525 1310 telluris
539 1268 613 1312 een·

252 1364 305 1417 tro
327 1352 359 1416 T
384 1351 520 1416 distabit.
566 1352 614 1417 Sit

161 1486 174 1509 a
256 1460 283 1523 Ζ
294 1460 317 1524 S
328 1458 365 1523 H
375 1459 509 1525 circulus
520 1458 613 1523 verti·

252 1566 327 1631 calis
343 1589 383 1630 ex
398 1578 507 1632 centro
521 1564 613 1630 tellu-

164 1729 169 1737 .
252 1676 295 1740 ris
312 1674 344 1740 T
358 1675 542 1760 descriptus,
563 1697 613 1739 ar-

256 1806 310 1849 cus
334 1785 357 1849 S
373 1782 410 1848 H
424 1783 557 1848 altitudo
572 1784 613 1847 si·

257 1891 339 1955 deris
363 1892 386 1955 S
411 1912 505 1977 supra
529 1890 615 1953 hori-

255 2012 380 2063 zontem
431 1998 615 2063 rationalem

257 2108 290 2173 T
305 2108 351 2184 H,
366 2120 401 2171 et
416 2108 443 2171 Z
458 2110 482 2175 S
496 2108 615 2172 distan-

251 2216 296 2279 tia
320 2214 431 2279 sideris
461 2240 480 2279 a
500 2216 614 2280 vertice

254 2321 290 2386 Z.
336 2322 370 2387 Si
402 2322 510 2386 radius
535 2322 614 2386 lucis

255 2431 280 2495 S
300 2430 334 2493 X
350 2453 368 2493 e
382 2430 484 2494 sidere
500 2430 612 2515 Spro-

251 2550 383 2625 pagatus
394 2538 511 2603 incidat
520 2538 553 2603 in
563 2548 610 2602 at-

251 2644 464 2731 mosphaeram
478 2646 512 2709 in
525 2645 571 2725 X,
587 2646 614 2710 is
738 2720 741 2729 .

253 2752 441 2841 refringatur
455 2754 488 2817 in
504 2755 538 2818 X
552 2776 611 2839 per

254 2858 290 2923 X
313 2859 346 2921 V
370 2860 548 2925 accedendo
569 2860 612 2925 ad

251 2967 516 3032 semidiametrum
543 2968 575 3032 T
601 2968 637 3032 X
661 2964 837 3053 superficiei
865 2966 1027 3053 sphaericoe
1048 2966 1078 3032 C
1099 2964 1137 3030 X
1157 2964 1232 3031 FO
1251 2964 1540 3051 perpenunularem

251 3076 322 3161 (23)
348 3090 380 3142 et
404 3076 552 3163 quoniam
577 3077 658 3141 airis
684 3076 820 3140 densitas
842 3076 876 3139 in
898 3074 931 3139 V
950 3077 1048 3161 major
1069 3085 1116 3141 est
1139 3072 1235 3161 qudm
1259 3074 1293 3137 in
1318 3074 1354 3139 X
1379 3072 1485 3138 radius
1505 3074 1539 3137 in

243 3194 373 3265 ‘puncto
387 3182 427 3260 V,
443 3180 619 3267 superficiei
635 3180 664 3245 B
679 3181 710 3244 V
726 3180 756 3245 E
770 3176 881 3244 rursus
894 3180 1084 3267 refringetur
1097 3178 1275 3244 accedendo
1289 3178 1331 3242 ad
1346 3178 1378 3242 T
1393 3179 1433 3256 V,
1445 3176 1540 3265 atque

250 3285 296 3352 iat
317 3288 466 3353 continuo
486 3289 699 3361 inamabitur
712 3300 745 3353 et
758 3288 793 3351 in
807 3288 925 3351 lineam
947 3286 983 3351 X
1005 3288 1036 3351 V
1051 3289 1083 3352 A
1097 3286 1206 3351 voratis
1220 3287 1252 3350 T
1267 3310 1375 3351 cavam
1386 3287 1538 3351 fleetenn.

253 3396 349 3461 Hanc
363 3420 491 3463 curvam
505 3410 613 3486 tangat
627 3398 660 3461 in
676 3398 707 3463 A
722 3408 808 3462 recta
821 3399 853 3462 A
865 3420 891 3474 s,
907 3396 1025 3461 circulo
1039 3396 1177 3463 verticuli
1192 3398 1220 3463 Z
1235 3396 1272 3461 H
1286 3418 1453 3463 occurrent
1466 3397 1501 3459 in
1510 3418 1537 3473 a,

251 3514 283 3568 et
303 3505 451 3591 quoniam
472 3504 578 3571 radius
598 3506 677 3571 lucis
701 3508 725 3571 S
746 3506 780 3569 X
806 3507 837 3570 V
852 3508 885 3571 A
907 3506 1034 3572 oculum
1056 3508 1236 3591 spectatoris
1257 3508 1291 3571 in
1313 3509 1344 3571 A
1365 3506 1539 3595 ingreditur

251 3612 422 3677 sumundum
436 3612 640 3680 directionem
653 3613 812 3700 magentis
828 3614 860 3680 A
876 3635 902 3690 s,
919 3611 1014 3691 sidus,
1030 3613 1116 3699 quod
1130 3625 1177 3677 est
1190 3612 1299 3677 reverti
1314 3614 1348 3677 in
1364 3614 1397 3690 S,
1420 3610 1540 3676 videbi·

250 3730 303 3783 tur
317 3720 352 3783 in
365 3742 391 3797 a,
407 3720 440 3783 in
454 3719 525 3785 looo
538 3740 652 3805 nempe
666 3719 795 3796 altiore3
818 3732 932 3784 notum
947 3721 1031 3787 enim
1045 3734 1092 3784 est
1106 3744 1147 3789 ex
1160 3720 1264 3808 opticai
1275 3721 1430 3809 objectum
1440 3719 1539 3784 videri

250 3824 283 3887 in
298 3824 335 3889 ed
350 3824 433 3893 rectai
448 3823 618 3895 secandam
634 3847 729 3912 quam
744 3826 781 3889 fit
798 3826 931 3891 directio
945 3827 1104 3893 radiorum
1117 3828 1226 3893 oculos
1240 3828 1493 3916 ingredientium.

257 3918 260 3925 ’
294 3938 346 3995 25.
370 3932 566 4001 Produeatur
588 3930 671 3999 ΤΧ
685 3932 728 3996 ad
743 3932 782 4009 L,
806 3944 841 3998 ut
864 3934 905 3997 sit
930 3934 1049 3999 SXL
1070 3936 1201 4023 angulus
1222 3937 1432 4001 inclinationis
1456 3936 1537 4001 radii

255 4038 279 4102 S
296 4036 331 4101 X
352 4038 386 4100 in
406 4039 648 4124 atmosphaeram
668 4040 847 4119 incidentis,
869 4053 902 4105 et
926 4043 958 4107 V
972 4043 1006 4106 X
1022 4042 1055 4109 T
1068 4046 1201 4133 angtdus
1216 4046 1376 4123 refractus,
1392 4046 1466 4111 data
1479 4046 1538 4111 erit

250 4148 333 4211 ratio
347 4146 433 4211 simis
447 4150 553 4235 maguli
569 4150 593 4215 S
608 4150 644 4217 X
660 4150 700 4227 L,
724 4150 766 4215 ad
788 4150 891 4215 sinum
906 4152 1013 4239 anguli
1027 4153 1059 4217 V
1074 4152 1109 4217 X
1124 4154 1156 4217 T
1171 4155 1240 4243 (23)
1255 4177 1292 4219 ac
1305 4150 1438 4241 proinde
1452 4154 1537 4249 sinna

250 4254 438 4341 angulorum
460 4256 671 4325 inclinationis
693 4272 788 4327 erunt
809 4282 935 4345 semper
955 4272 992 4327 ut
1012 4262 1097 4327 sinus
1117 4264 1304 4353 angulorum
1326 4264 1536 4329 refractomm.

251 4358 359 4435 Quard
374 4360 483 4423 sideris
499 4360 532 4423 in
546 4364 664 4429 vertice
681 4365 707 4428 Z
722 4366 895 4446 constituti,
918 4366 973 4430 ubi
993 4366 1097 4453 nullus
1112 4383 1160 4440 est
1173 4371 1306 4458 angtdus
1320 4370 1536 4447 inclinationis,

249 4468 335 4531 nulla
355 4470 413 4533 erit
434 4470 589 4548 refractio,
613 4485 644 4537 et
670 4474 809 4539 siderum
826 4474 860 4539 in
875 4476 1046 4561 aequalibus
1061 4501 1080 4541 a
1094 4479 1208 4543 vertice
1221 4478 1373 4545 distantiis
1395 4479 1537 4557 sitorum,

250 4572 305 4639 ubi
321 4578 454 4681 aeouales
469 4590 544 4646 sunt
558 4580 796 4647 inclinationum
811 4583 928 4670 anguli,
944 4584 1081 4672 aquales
1093 4599 1186 4653 erant
1198 4586 1405 4655 retractiones.
1454 4586 1537 4653 Solia
