3384 5459
260 454 322 511 266
507 442 775 521 lNQUISITIO
797 440 1003 507 PHYSICA
1025 440 1076 505 IN
1100 436 1295 505 CAUSAM

259 666 431 728 maximum
445 662 520 728 verb
539 665 764 727 incrementum
783 692 818 717 =
834 626 1005 786 ῖῶέ-οο-ὁ;
1037 660 1121 724 unde
1143 682 1290 723 numerus
1314 660 1554 724 oscillationum

259 833 399 918 ejusdem
419 831 549 916 penduli
569 831 682 895 eodem
703 842 844 915 tempore
869 828 1033 906 editarum,
1060 829 1114 892 illo
1139 850 1213 893 casu
1238 830 1298 892 erit
1322 840 1359 892 ut
1387 829 1419 891 θ’
1446 833 1478 911 (l
1502 864 1554 879 --

260 949 750 1067 -AE-lsseul--l—
777 982 1064 1049 hocverdcasuut
1085 946 1552 1107 t‘(l·l·7-b-0{)560)seul÷

258 1049 408 1107 3500000
599 1050 749 1110 7000000

336 1156 351 1211 l
430 1238 442 1262 .
486 1194 619 1259 Numeri
640 1218 716 1282 ergo
738 1194 964 1259 oscillationum
986 1193 1026 1257 ab
1046 1192 1156 1257 eodem
1173 1190 1311 1277 pendulo
1331 1192 1442 1256 eodem
1462 1206 1548 1259 tem-

260 1252 430 1316 14000000

254 1372 334 1437 pore
348 1358 573 1439 absolutarum,
590 1360 662 1427 crim
675 1361 811 1449 gravitas
825 1360 961 1425 maxime
975 1373 1024 1425 est
1037 1359 1198 1437 diminuta,
1214 1372 1245 1423 et
1258 1359 1331 1423 crim
1344 1358 1481 1424 marrimd
1495 1374 1548 1425 est

258 1476 362 1541 aucta,
378 1469 529 1532 tenebunt
543 1470 696 1533 rationem
709 1480 746 1531 ut
761 1477 930 1533 18999996
945 1466 987 1531 ad
1003 1474 1183 1543 14000001,
1205 1466 1267 1529 hoc
1280 1477 1376 1529 estut
1388 1476 1546 1533 4666666

256 1572 300 1637 ad
321 1581 483 1653 4666667‚
506 1598 548 1641 ex
569 1598 633 1662 quo
655 1575 729 1639 satis
748 1574 935 1659 perspicitur
953 1572 1160 1637 differentiam
1181 1571 1263 1635 hanc
1277 1570 1404 1635 minime
1422 1575 1544 1657 percipi

255 1702 357 1766 posse.
403 1682 519 1749 Similia
541 1697 645 1748 autem
667 1682 795 1748 omninb
815 1695 864 1748 est
877 1683 957 1747 ratio
970 1682 1097 1747 alterius
1111 1680 1312 1766 pbaenomeni
1325 1680 1544 1746 declinationis

257 1790 374 1854 scilicet
387 1814 407 1855 a
419 1792 481 1857 situ
495 1792 634 1857 verticali
646 1802 835 1877 comparata,
852 1812 923 1878 quae
937 1812 1097 1877 nunquam
1110 1791 1152 1855 ad
1167 1792 1216 1856 5'“
1230 1812 1399 1877 exsurgere
1411 1806 1523 1875 potest.

820 2058 983 2081 ΜΜΜΒἊ

664 2256 839 2335 CAPUT
865 2256 1123 2332 TERTIUM.

281 2454 343 2527 Dc
357 2455 508 2550 Figurd,
528 2478 629 2552 quam
643 2455 736 2527 uires
749 2452 825 2527 arm
840 2454 940 2540 Solis,
965 2450 1037 2526 aba
1052 2452 1178 2542 eroe,
1207 2456 1331 2527 Tema
1353 2432 1524 2527 inducere

806 2584 984 2646 conamur.

252 2897 402 2961 oriundis
426 2899 741 2980 determinaverimus,
767 2901 880 2988 quibus
905 2898 1035 2988 singular
1059 2898 1170 2963 Terroe
1195 2898 1356 2982 particulae
1380 2899 1421 2962 ad
1443 2900 1535 2963 situm

251 3004 414 3068 relativum
429 3007 500 3070 crim
516 3010 595 3072 inter
610 3032 643 3072 se
657 3006 725 3074 tirm
739 3021 883 3093 respectu
899 3008 1005 3085 centri,
1027 3004 1112 3093 quod
1127 3006 1159 3069 in
1172 3004 1234 3069 hoc
1248 3006 1375 3091 negotio
1390 3018 1535 3090 tanquam

252 3112 414 3196 quiescens
435 3115 659 3193 consideratur,
682 3115 911 3179 immutandum
936 3110 1158 3188 sollicitantur3
1188 3110 1266 3175 ordo
1292 3110 1474 3196 requireret,
1501 3126 1534 3176 ut

247 3217 315 3301 jam
328 3216 362 3279 in
377 3217 479 3301 ipsum
493 3231 623 3296 motum,
640 3244 702 3306 quo
718 3221 848 3308 singulae
862 3218 1023 3305 partictdae
1042 3220 1123 3282 inter
1137 3240 1170 3281 se
1186 3218 1375 3282 commoveri
1390 3218 1532 3293 debcant,

253 3325 492 3411 inquireremus.
538 3328 657 3392 Vertim
680 3328 753 3392 crim
773 3328 844 3393 haec
865 3326 1060 3416 investigatio
1075 3328 1115 3393 sit
1129 3328 1246 3392 altioris
1261 3329 1426 3415 indaginis,
1444 3342 1534 3415 atque

250 3458 329 3519 opus
345 3434 461 3501 habeat
474 3438 636 3533 prinq'piis
650 3438 841 3503 mechanicis
857 3439 897 3503 ad
911 3450 1031 3502 motum
1045 3438 1180 3522 partium
1201 3436 1282 3500 inter
1297 3460 1330 3499 se
1345 3436 1534 3521 respicienti·

248 3541 318 3619 bus,
334 3542 438 3628 qualia
451 3544 504 3607 vix
520 3568 652 3632 usquam
666 3544 769 3610 adhuc
783 3546 981 3631 reperiuntur
988 3568 998 3622 3
1024 3546 1057 3608 in
1078 3544 1140 3609 hoc
1156 3545 1268 3628 Capite
1281 3566 1349 3607 rem
1364 3543 1531 3609 secunddm

247 3655 404 3740 principia
425 3657 534 3720 statica
554 3657 684 3723 ulterids
704 3658 851 3744 persequi
870 3678 1047 3744 pergamus,
1070 3678 1107 3719 ac
1128 3654 1262 3741 figuram
1282 3652 1530 3730 determinemus,

248 3785 342 3847 quam
364 3764 445 3828 vires
470 3765 552 3829 Solis
574 3778 605 3829 et
627 3767 729 3831 Lunae
751 3765 823 3831 crim
845 3766 974 3830 seorsim
993 3764 1060 3829 ttim
1075 3766 1166 3829 etiam
1182 3765 1371 3849 conjunctim
1386 3762 1533 3827 inducere

247 3886 408 3937 conantur.
433 3874 574 3939 Huncin
583 3877 678 3940 finem
687 3877 821 3941 Terram
830 3877 1038 3963 undequaque
1049 3874 1177 3939 materiai
1188 3874 1282 3939 fluidt
1295 3894 1349 3941 seu
1359 3874 1438 3963 aqui
1451 3876 1532 3939 cinc-

246 3990 312 4041 tam
323 3981 613 4064 contemplabimur,
627 3982 690 4068 qud
699 3982 965 4047 sollicitationibus
974 3984 1100 4047 obedire
1110 4005 1145 4046 ac
1157 3982 1290 4069 figuram
1299 3983 1336 4047 iis
1349 3986 1532 4047 convenien-

247 4099 312 4151 tem
326 4104 397 4155 actu
412 4091 542 4155 induere
558 4106 660 4179 queat
705 4092 744 4156 In
758 4093 819 4157 hoc
833 4094 950 4157 scilicet
970 4092 1096 4180 negotio
1113 4092 1217 4157 Solem
1233 4106 1264 4157 et
1279 4092 1403 4158 Lunam
1417 4096 1533 4178 pariter

247 4219 285 4261 ac
306 4198 405 4281 ipsam
427 4199 561 4274 Terram
583 4202 774 4287 quiescentes
796 4200 998 4287 concipimus,
1021 4201 1065 4266 ita
1084 4212 1119 4263 ut
1140 4202 1268 4265 interae
1288 4200 1532 4285 perpetubeun-

249 4306 323 4369 dem
338 4308 431 4370 situm
446 4309 608 4373 relativum
623 4322 816 4387 conservent,
840 4332 904 4396 quo
921 4320 1016 4394 pacto
1031 4308 1142 4372 Terrae
1156 4308 1196 4371 ab
1212 4307 1384 4372 actionibus
1402 4308 1482 4373 Solis
1497 4294 1533 4371 ac

247 4414 350 4479 Lunae
365 4414 466 4500 ligura
480 4438 666 4500 permanens
677 4440 753 4480 mox
768 4418 922 4496 induetur,
936 4440 1030 4504 quarn
1041 4416 1160 4481 tamdiu
1171 4416 1325 4493 retinebit,
1338 4417 1442 4503 quoad
1458 4418 1532 4480 item

247 4525 324 4588 situs
345 4522 491 4586 relativus
513 4526 614 4590 duret.
660 4527 866 4611 Perspicuum
886 4540 990 4590 autem
1014 4528 1292 4615 cstcognitionem
1312 4526 1405 4610 hujus
1422 4526 1533 4613 figurae

245 4655 362 4719 magno
379 4630 516 4697 futuram
531 4654 598 4696 esse
613 4634 791 4718 adjumento
813 4635 854 4698 ad
875 4634 1013 4719 ejusdem
1027 4634 1139 4722 figurae
1153 4632 1440 4698 transmutationem
1455 4628 1533 4695 deli-

247 4742 405 4820 niendam,
421 4740 448 4805 si
461 4752 527 4806 tam
544 4741 610 4806 Soli
625 4740 719 4827 quim
733 4744 836 4808 Lunae
851 4755 953 4809 motus
968 4742 1130 4809 tribuatur.

252 2791 276 2867 §.
295 2795 346 2850 91.
371 2754 472 2853 Cum
492 2791 587 2879 igitur
606 2789 639 2854 in
656 2790 767 2875 Capite
788 2789 985 2876 praecedcnte
1003 2788 1084 2853 vires
1099 2798 1162 2853 tam
1178 2813 1198 2853 a
1214 2788 1286 2854 Sole
1301 2787 1394 2875 quaim
1409 2814 1429 2853 a
1444 2790 1533 2855 Luni

1673 4918 1680 5323 l
