3384 5459
267 422 332 489 tta
516 416 782 494 INQUISlTlO
805 415 1009 485 PHYSICA
1033 416 1084 483 IN
1107 416 1300 483 CAUSAM

309 592 335 669 l.
351 594 403 651 89.
424 570 595 651 Problema
607 584 678 663 hoc,
693 583 780 671 quod
794 583 954 670 hucusque
968 583 1110 649 dedimus
1125 584 1271 663 solutum,
1288 584 1434 673 quodque
1447 574 1548 652 mexi-
1674 604 1676 625 ⁴

268 694 312 757 mi
333 705 381 757 est
400 693 549 755 momenti
573 692 614 756 ad
634 690 761 756 effectus
782 689 854 755 crim
879 690 959 755 Solis
980 688 1047 754 triru
1070 690 1172 758 Lunae
1194 692 1227 754 in
1248 694 1327 755 meri
1348 691 1500 756 elevando
1515 707 1549 759 et

267 800 474 885 deprimendo
495 800 700 877 deliniendos,
724 792 895 864 Newteuirs
919 822 960 865 ne
984 801 1086 887 attigit
1108 798 1244 886 quidem,
1269 800 1324 865 sed
1350 802 1442 865 alisnr
1465 802 1547 865 riam

267 920 400 985 secutus,
423 929 490 973 non
511 906 614 975 solim
627 906 820 984 indirectum,
844 906 901 971 sed
915 907 1007 972 etiem
1021 928 1194 985 erroneam,
1217 907 1336 973 invenit
1348 930 1434 973 mure
1448 930 1467 973 a
1481 909 1547 975 soli

267 1021 300 1085 vi
323 1020 404 1085 Solis
426 1020 467 1084 ad
488 1018 684 1083 altitudinem
704 1017 838 1081 duorum
853 1016 918 1081 fere
939 1016 1056 1101 pedum
1070 1017 1185 1082 elevari
1204 1017 1333 1095 debere;
1356 1016 1429 1081 crim
1443 1028 1548 1083 tamen

268 1138 333 1191 tum
347 1126 479 1193 eandem
493 1127 556 1190 vim
572 1127 638 1191 Soli
652 1125 825 1191 absolutam
839 1125 933 1211 quim
948 1126 1077 1190 eundem
1088 1126 1263 1191 distantiam
1279 1150 1298 1191 a
1312 1126 1413 1191 Terrd
1429 1148 1547 1191 mum-

268 1233 367 1310 sisset,
389 1232 502 1319 quibus
522 1252 580 1295 nos
600 1252 708 1295 sumus
728 1230 787 1297 rasi.
833 1230 996 1297 Conclusit
1009 1244 1112 1297 autern
1133 1232 1217 1299 hunc
1231 1254 1390 1297 enormem
1404 1232 1546 1297 effectum

268 1398 311 1443 ex
324 1376 555 1462 comparatione
568 1376 616 1439 ris
631 1372 712 1440 Solis
726 1395 783 1439 seu
795 1374 908 1439 valoris
926 1338 962 1437 .S.
979 1396 1050 1440 cum
1064 1377 1096 1439 vi
1115 1376 1226 1441 Terrae
1240 1376 1411 1464 centrifirgi
1425 1398 1445 1441 a
1458 1388 1547 1441 motu

922 1436 965 1505 ad

267 1550 382 1616 diurno
396 1547 474 1628 orti,
490 1546 551 1635 qui
566 1546 669 1613 Terra
678 1547 738 1613 sub
747 1558 907 1634 aeqmtore
921 1546 1100 1614 extenditur
1110 1569 1146 1613 ac
1157 1548 1288 1613 crassior
1302 1546 1444 1613 redditur
1454 1546 1548 1633 quim
1675 1602 1676 1605 ,

269 1658 328 1722 sub
351 1657 432 1742 polis
439 1680 450 1733 3
483 1668 576 1743 atque
600 1655 729 1720 assumit
750 1654 954 1720 elevationem
978 1676 1067 1740 aque,¹
1086 1676 1106 1717 e
1130 1654 1162 1719 vi
1188 1654 1269 1721 solis
1292 1665 1393 1717 ortem
1416 1653 1547 1717 eandem

269 1776 376 1829 tenere
390 1762 504 1827 debere
518 1760 671 1827 rationem
685 1760 725 1825 ad
747 1762 972 1827 incrementum
986 1758 1097 1825 Terrae
1112 1761 1170 1835 sub
1185 1772 1341 1847 requetore
1355 1784 1374 1825 a
1389 1762 1419 1825 vi
1434 1763 1547 1825 centri·

270 1866 346 1955 iugi
371 1867 497 1956 fsqtum,
520 1865 614 1953 quim
634 1878 739 1932 teneat
759 1867 805 1931 vis
822 1866 904 1931 Solis
927 1866 968 1930 ad
988 1864 1051 1929 vim
1071 1865 1284 1953 centriiirgaur.
1332 1865 1395 1930 Sed
1417 1877 1548 1949 prseter-

270 1997 364 2063 quam
389 1976 475 2063 qudd
496 1976 557 2041 hoc
581 1975 776 2039 ratiocinium
799 1975 893 2039 nimis
918 1974 1043 2039 infirmo
1066 1986 1311 2059 superstructum
1334 1972 1547 2049 lincamenta,

269 2082 375 2147 nostri
389 2082 439 2147 vit
453 2080 582 2160 directi,
607 2080 668 2168 quai
683 2103 789 2145 sumus
803 2081 862 2158 usi,
878 2080 981 2145 statim
995 2081 1160 2144 evertitur:
1183 2101 1224 2145 ex
1245 2079 1311 2164 ipsi
1327 2080 1410 2143 enim
1424 2082 1470 2144 rei
1491 2102 1548 2143 ne·

270 2186 350 2265 turi,
372 2186 466 2271 nullis
486 2187 635 2271 preculis
648 2185 790 2251 msumtis
803 2186 974 2271 principiis,
994 2185 1197 2251 elevationem
1212 2204 1362 2271 aquarum
1377 2208 1397 2249 e
1410 2187 1442 2248 vi
1466 2184 1548 2249 Solis

274 2294 439 2358 oriundam
452 2292 569 2359 directe
583 2306 616 2359 et
629 2292 801 2387 lpculenter
810 2292 1100 2357 determinavimus:
1116 2292 1189 2356 acsi
1203 2291 1301 2355 ullum
1315 2292 1408 2356 etiem
1418 2290 1547 2355 dubium

269 2402 312 2466 ob
325 2403 563 2489 integrationem
576 2422 634 2487 per
648 2402 930 2488 approximetioues
945 2410 1066 2465 tantum
1079 2399 1254 2465 institutum
1267 2408 1406 2477 restaret,
1426 2398 1460 2462 id
1474 2418 1549 2461 mox

269 2508 405 2588 tolletur,
429 2508 501 2575 etim
521 2508 603 2574 infre
622 2510 707 2577 idem
730 2508 897 2575 Problcma
918 2508 976 2575 elii
991 2508 1139 2575 methodo
1159 2530 1288 2595 prorsus
1302 2506 1422 2573 diversi
1442 2530 1548 2572 sumus

270 2616 445 2694 resoluturi,
462 2628 745 2704 congruentemque
759 2616 943 2680 solutionem
958 2615 1135 2680 exhibituri.

312 2730 337 2808 §.
352 2733 405 2788 40.
428 2724 581 2800 Quemvis
602 2736 706 2787 autem
728 2724 785 2788 iste
808 2722 889 2788 Solis
911 2722 1037 2787 effectus
1059 2724 1092 2786 in
1112 2722 1190 2786 mari
1211 2734 1276 2787 tarn
1290 2720 1441 2787 elevando
1455 2718 1547 2807 qurim

269 2828 474 2915 deprimendo
493 2850 560 2893 non
581 2826 660 2893 aded
678 2840 781 2893 certus
794 2840 826 2893 et
838 2828 951 2913 planus
965 2848 1032 2893 esse
1052 2826 1192 2893 videatur
1206 2827 1248 2891 ob
1262 2826 1435 2911 parallaxin
1456 2826 1546 2905 Solis,

188 2980 191 2983 -
269 2939 439 3026 quam10''
459 2937 669 3015 assumsimns,
691 2934 833 3001 nondum
847 2934 1075 3001 accuratissime
1090 2934 1270 3011 definitam
1292 2956 1311 2997 e
1332 2934 1392 3020 qui
1408 2946 1470 2997 tum
1486 2932 1546 3039 dis·
1674 2964 1675 2975 κ

269 3045 367 3111 tentis
383 3044 465 3109 Solis
478 3066 499 3109 a
513 3042 614 3109 Terri
629 3066 658 3121 o,
681 3042 774 3130 quim
788 3044 952 3109 aetimatio
966 3043 1012 3107 vis
1025 3040 1176 3107 absolute
1192 3042 1226 3119 S,
1247 3040 1381 3127 pendet:
1405 3040 1547 3105 tamensi

269 3210 338 3254 rem
351 3186 499 3255 tuentius
511 3186 750 3273 perpendemus,
773 3188 997 3274 comperiemus
1012 3188 1243 3273 expressionem
1259 3150 1465 3315 {perpetuis
1474 3208 1546 3251 euu-

270 3358 343 3425 dcm
365 3359 498 3423 retinere
520 3358 669 3437 velorum,
697 3363 917 3447 quaecumque!
933 3358 1000 3425 soli
1027 3358 1193 3445 perallaxis
1222 3357 1395 3423 tribuatur:
1429 3356 1543 3421 mutati

269 3469 355 3541 enim
373 3466 534 3552 perallasi,
558 3467 645 3533 valor
665 3467 777 3533 litterae
798 3468 823 3533 S
843 3466 1029 3553 proecise‚in
1049 3466 1158 3533 eadem
1176 3465 1304 3543 ratione,
1326 3465 1360 3527 in
1374 3463 1436 3549 qui
1450 3466 1545 3529 cubus

268 3574 426 3641 distantiae
445 3597 465 3638 a
477 3573 500 3653 ³,
521 3574 701 3644 nutatim.
746 3574 809 3643 Per
822 3576 908 3664 leges
922 3577 1006 3643 enirn
1018 3576 1120 3641 nrottrs
1135 3574 1310 3639 firmissime
1324 3572 1472 3638 stabilitas
1488 3593 1546 3657 pa·

262 3721 347 3787 'tebit
359 3720 562 3809 quantitatem
579 3685 627 3849 {3
643 3746 663 3787 a
683 3722 751 3787 solo
771 3735 911 3807 tempore
931 3722 1091 3808 periodico
1106 3722 1215 3788 Tenue
1229 3720 1311 3787 circa
1326 3719 1431 3787 Solem
1446 3718 1547 3784 deter-

268 3895 390 3974 minari,
406 3895 494 3979 cujus
508 3894 663 3980 quantitas
676 3894 903 3960 accuratissime
918 3908 967 3961 est
980 3894 1116 3961 definite.
1162 3894 1259 3974 Quod
1272 3907 1308 3959 ut
1322 3891 1437 3958 claritis
1451 3911 1546 3975 eppe·

269 4016 345 4079 reat,
364 4000 595 4066 consideremus
617 4000 774 4084 planetam
794 4023 1010 4088 quemcunque
1026 4002 1108 4067 circe
1123 4002 1229 4066 Solem
1250 4001 1282 4063 in
1295 3999 1397 4064 orbiti
1413 3996 1547 4082 elliptlcti

269 4109 488 4185 revolventem,
511 4107 597 4193 cujus
619 4108 777 4172 semi-axis
798 4121 989 4174 transversus
1011 4132 1065 4175 seu
1086 4109 1231 4175 distantia
1252 4132 1270 4175 a
1294 4110 1367 4175 Sole
1386 4107 1491 4172 media
1509 4107 1548 4169 sit

274 4238 308 4277 =
327 4204 425 4295 afris
446 4228 551 4281 autem
574 4215 658 4280 Solis
679 4216 821 4280 absoluta
840 4241 872 4276 =
894 4218 927 4294 S,
950 4208 1009 4281 er'it
1029 4228 1150 4301 tempus
1169 4215 1363 4299 periodicum
1377 4234 1500 4298 semper
1513 4226 1548 4277 ut

269 4322 381 4387 affe
1333 4324 1445 4387 uve
1517 4322 1541 4385 S

167 4411 170 4416 Α
275 4383 398 4491 75⁷³
419 4361 506 4447 quod
526 4364 553 4427 si
572 4363 669 4450 igitur
682 4374 803 4449 tenpus
817 4362 1011 4448 periodicum
1025 4362 1065 4427 sit
1084 4374 1157 4442 =t,
1181 4363 1240 4427 erit
1254 4376 1267 4427 t
1281 4375 1316 4427 ut
1334 4410 1438 4489 ΤΒ.
1459 4374 1493 4425 et
1505 4406 1549 4486 ῃ
1673 4408 1674 4421 ,

914 4535 937 4601 S

269 4539 380 4697 uei}
411 4569 464 4635 uu
475 4570 723 4637 vuoremautem
732 4570 890 4638 meanis
901 4572 1098 4700 fintene
1110 4572 1339 4651 inveniendum,
1355 4571 1548 4657 exprimatur
1673 4652 1674 4659 Ν
