3384 5459
265 418 328 477 212
565 410 631 476 nn
654 412 807 476 causi
827 410 1033 477 rursrcn
1055 410 1245 477 ruuxus
1360 374 1364 381 ’

306 587 527 675 sagacissimus
544 586 699 671 Keplerus
712 608 800 650 mare
815 586 924 651 versis
940 588 1064 651 Lunam
1078 588 1242 675 gravitate,
1262 596 1435 669 aestumque
1449 580 1542 645 maris

260 695 334 759 hinc
354 696 429 760 cieri
451 696 526 759 olim
546 698 677 761 monuit.
723 695 905 773 Newtonus,
931 696 1097 781 postqurim
1119 695 1203 783 leges
1228 693 1388 781 gravitatis
1409 691 1542 755 detexis-

259 817 316 881 set,
338 804 457 867 invenit
477 804 688 891 aequilibrium
713 804 808 867 maris
827 825 894 867 non
914 815 979 867 tam
999 802 1119 866 turbari
1140 800 1237 886 ipsius
1262 801 1415 887 gravitate
1435 795 1541 861 versus

245 914 394 991 Lunam,
417 910 511 999 quim
533 932 574 976 ex
596 911 806 997 inaequalitate
825 912 873 975 vis
895 910 956 997 qui
976 908 1139 993 particulae
1158 908 1251 971 maris
1266 906 1400 971 tendunt
1413 897 1455 970 ad
1476 906 1541 969 Lu-

259 1040 331 1082 nam
352 1030 385 1082 et
406 1018 514 1083 Solem
534 1038 595 1101 pro
615 1017 746 1080 diversis
767 1016 831 1079 suis
853 1014 1006 1079 distantiis
1026 1013 1067 1077 sb
1083 1014 1197 1076 horum
1215 1012 1340 1088 centris,
1361 1012 1542 1097 primusque

260 1137 380 1188 motum
405 1124 500 1187 maris
525 1123 567 1186 ad
591 1134 691 1186 certas
716 1122 811 1209 leges,
837 1133 870 1187 et
895 1120 936 1185 ad
961 1118 1114 1183 calculum
1138 1120 1285 1183 revocare
1310 1115 1426 1183 docuit
1481 1116 1540 1181 Fa·

262 1235 391 1300 tendum
405 1233 532 1319 quidem
546 1245 594 1297 est
613 1232 773 1320 gravitatis
787 1254 913 1297 causam
934 1231 1073 1319 ignotam
1088 1252 1155 1293 esse
1169 1230 1218 1293 vel
1232 1229 1342 1293 saltem
1355 1230 1539 1305 obscuram

260 1364 394 1428 corpora
413 1354 518 1407 tamen
539 1364 605 1406 non
626 1353 699 1406 sunt
718 1342 792 1407 idad
810 1341 914 1405 minus
936 1341 1051 1428 gravia.
1098 1341 1168 1406 Sint
1182 1342 1235 1426 qui
1249 1351 1388 1405 asserant
1408 1364 1540 1425 corpora

261 1454 349 1517 nullo
369 1453 507 1537 impulsu
528 1464 584 1517 aut
603 1452 635 1515 vi
656 1450 796 1529 externi,
819 1451 875 1515 sed
888 1451 920 1513 vi
934 1450 1071 1536 quddam
1084 1450 1189 1513 inusti
1206 1442 1239 1513 se
1252 1448 1362 1513 matut
1377 1461 1538 1533 appetere3

256 1557 366 1623 verim
387 1580 453 1622 non
473 1580 600 1644 aequum
620 1569 678 1622 est·
688 1557 803 1621 horum
822 1556 943 1620 somnia
956 1556 1078 1620 veritati
1092 1555 1222 1619 afficere.
1268 1554 1333 1619 Alii
1347 1556 1450 1619 statim
1466 1576 1539 1619 son-

254 1664 377 1751 fugiant
396 1664 436 1728 ad
455 1664 669 1728 immediatum
690 1662 836 1747 Supremi
857 1663 1004 1727 Auctoris
1034 1661 1209 1746 imperium,
1230 1672 1278 1725 ast
1299 1684 1402 1747 neque
1426 1661 1539 1727 horum

255 1776 354 1839 nimia
373 1776 530 1841 festinatio
550 1774 714 1860 probanda
733 1787 811 1850 ests
828 1792 931 1858 neque
951 1772 1077 1835 illorum
1098 1771 1255 1835 fastidium
1277 1772 1330 1857 qui
1350 1782 1398 1836 tot
1418 1786 1539 1835 namrae

256 1886 442 1950 testimoniis
467 1907 533 1948 non
560 1884 725 1949 attendunt
748 1884 895 1969 quoniam
918 1904 1013 1949 causa
1036 1883 1196 1971 gravitatis
1222 1894 1270 1947 est
1293 1884 1436 1948 obscura.
1481 1884 1538 1948 Vis

253 1996 416 2081 gravitatis
438 2007 486 2058 est
505 1994 596 2058 nobis
618 1992 698 2057 adei>
718 1992 888 2071 familiaris,
911 1994 1038 2079 ejusque
1052 2014 1198 2057 mensura
1211 1992 1292 2057 aded
1305 2015 1366 2078 pro
1379 2006 1539 2078 comperto

256 2101 398 2178 habetur,
421 2113 458 2163 ut
470 2098 531 2163 htc
551 2098 592 2163 ad
612 2099 688 2163 alias
702 2099 783 2163 vires
797 2098 995 2163 aesdmmdas
1009 2097 1074 2163 fert
1096 2118 1218 2183 semper
1231 2111 1375 2177 utamur3
1397 2098 1490 2186 quim
1505 2101 1539 2164 in

259 2205 366 2284 Coelis,
382 2226 447 2269 non
468 2203 572 2269 mimis
586 2204 680 2291 quim
701 2207 735 2270 in
757 2206 866 2269 Terris
884 2206 1048 2285 dominari,
1069 2216 1101 2271 et
1119 2204 1292 2271 secundum
1306 2218 1422 2271 certam
1436 2207 1537 2294 legem

258 2306 367 2397 augeri
380 2324 412 2375 et
425 2311 526 2375 minui
539 2310 763 2377 demonstravit
774 2311 825 2377 vir
837 2312 971 2376 eximius
986 2324 1072 2377 tanta
1086 2334 1159 2377 cum
1172 2311 1327 2377 euidentia
1339 2323 1375 2377 ut
1387 2315 1538 2398 majorem

254 2418 369 2483 frustra
383 2418 540 2484 desideres
551 2420 588 2483 in
601 2417 700 2483 ardua
713 2432 746 2483 et
758 2418 878 2483 difficili
891 2418 951 2483 hta
965 2418 1171 2505 philosophiae
1184 2430 1284 2504 parte,
1296 2440 1367 2505 quae
1377 2419 1418 2484 de
1431 2442 1536 2483 rerum

252 2525 354 2591 causis
368 2525 442 2613 agit.

158 2650 161 2654 ’
294 2636 468 2701 Newtonus
493 2645 679 2721 argumento
701 2634 854 2721 aingrdari
878 2635 1023 2713 ostendit,
1051 2635 1175 2701 Lunam
1200 2636 1306 2723 urgeri
1329 2634 1437 2699 versus
1461 2656 1536 2699 cen·

255 2758 339 2809 trum
365 2745 476 2808 Terrae
500 2746 532 2807 vi
557 2766 629 2829 quse
655 2743 774 2828 (habiti
797 2744 917 2808 ratione
941 2744 1170 2823 distantiarum)
1197 2766 1269 2807 cum
1293 2744 1445 2829 gravitate
1468 2766 1536 2807 cor-

253 2874 367 2937 porum
389 2852 582 2915 terrestrium
600 2850 695 2935 piane
713 2850 875 2937 congruit3
897 2848 981 2935 quali
1001 2848 1135 2914 Terram
1152 2847 1259 2913 versris
1274 2848 1399 2925 Lunam
1419 2850 1535 2933 pariter

111 3041 115 3046 ᾖ
251 2958 358 3043 urgeri
373 2978 466 3042 aequo
476 2958 549 3041 jure
561 2958 752 3020 censendum
765 2969 821 3021 est.
864 2954 954 3020 cum
968 2976 1082 3041 corpus
1096 2956 1223 3043 aliquod
1239 2955 1347 3021 versirs
1360 2957 1447 3021 aliud
1468 2958 1534 3042 pel·

250 3058 334 3138 litur,
362 3061 436 3124 inde
461 3061 588 3145 quidem
609 3062 695 3126 haud
719 3063 857 3148 sequitur
881 3063 943 3126 hoc
964 3061 1072 3128 versis
1093 3064 1172 3129 illud
1193 3064 1285 3129 simul
1309 3066 1425 3152 urgeri.
1471 3066 1534 3129 Ve-

249 3162 322 3228 nim
346 3165 485 3253 quidde
506 3166 658 3253 gravitate
677 3188 845 3251 corporum
859 3168 1031 3237 coelestiutn
1054 3170 1250 3235 sentiendum
1271 3170 1320 3247 sit,
1343 3192 1385 3235 ex
1405 3171 1443 3235 iis
1463 3192 1532 3257 quse

243 3284 410 3356 comperta
432 3284 505 3337 sunt
518 3272 560 3336 de
580 3274 732 3360 gravitate
745 3294 914 3358 corporum
928 3276 1121 3340 terrestrium
1136 3275 1282 3361 (aliisque
1294 3276 1413 3340 viribus
1427 3276 1533 3339 simili-

250 3381 324 3461 bus)
339 3380 458 3467 optimd
472 3380 685 3467 dignoscitrm
706 3378 779 3443 crim
792 3402 851 3465 per
864 3380 946 3446 hanc
964 3381 1006 3445 ad
1028 3382 1113 3447 illam
1126 3381 1355 3469 agnoscendam
1370 3380 1531 3461 ducamur,

250 3488 377 3574 sintque
400 3488 609 3573 phaenomena
631 3490 760 3553 omnini)
786 3489 907 3555 similia.
956 3489 1054 3555 Mons
1077 3490 1210 3578 gravitat
1232 3492 1267 3555 in
1289 3490 1431 3567 Terram,
1454 3490 1533 3555 etsi

252 3600 355 3665 Terra
373 3622 439 3665 non
460 3611 587 3687 urgeret
606 3606 745 3664 montem
759 3602 791 3663 vi
812 3600 925 3687 aequali
939 3610 972 3663 et
985 3600 1149 3678 contrarii,
1174 3598 1275 3665 Tarra
1291 3624 1311 3664 a
1322 3612 1427 3665 monte
1441 3600 1533 3684 pulsa

248 3719 393 3794 pergeret
414 3726 486 3770 cum
507 3717 595 3768 motu
616 3706 786 3769 accelerato
807 3708 849 3769 in.
862 3706 1028 3771 infinitum.
1079 3706 1183 3773 Porrd
1204 3718 1302 3771 status
1317 3708 1450 3793 cujusvis
1465 3728 1532 3795 sys-

249 3816 371 3879 tematis
393 3834 561 3899 corporum
583 3814 617 3898 (i.
633 3836 660 3877 e
685 3826 790 3879 motus
814 3816 914 3879 centri
933 3816 1107 3903 gravitatis)
1133 3814 1308 3881 necessu-it
1332 3816 1475 3881 turbatur
1492 3816 1532 3881 ab

248 3922 333 3984 omni
355 3923 477 3988 actione
497 3922 548 3986 cui
567 3942 635 3986 non
655 3923 786 4008 aequalia
807 3935 840 3987 et
861 3924 1017 3989 contraria
1031 3936 1079 3989 est
1093 3924 1195 4011 aliqua
1209 3925 1335 4003 reactio,
1358 3924 1402 3988 ita
1423 3926 1532 3989 utrix

248 4029 417 4115 quidquam
430 4052 570 4115 perenne
584 4042 639 4095 aut
653 4042 798 4095 constans
810 4031 874 4095 dici
887 4034 987 4118 possit
1000 4034 1033 4097 in
1049 4046 1215 4119 systemate
1229 4035 1255 4101 si
1269 4034 1339 4098 haec
1360 4034 1413 4097 lex
1427 4034 1531 4099 locum

248 4156 313 4199 non
333 4137 454 4202 habeat
499 4136 643 4225 Cquue
664 4138 775 4203 Terrae
794 4152 899 4225 partes
921 4142 965 4205 ita
986 4164 1109 4228 semper
1128 4143 1163 4208 in
1183 4165 1217 4208 se
1236 4142 1347 4209 mutui»
1369 4156 1473 4231 agant,
1497 4155 1532 4205 nt

247 4252 350 4306 motus
363 4244 463 4308 centri
482 4245 641 4333 gravitatis
656 4245 766 4309 Terrae
780 4245 959 4313 nulldtcnus
973 4249 1117 4313 turbetur
1131 4272 1149 4313 a
1162 4250 1278 4314 mutuis
1294 4272 1463 4335 corporum
1476 4261 1531 4313 aut

248 4348 407 4435 agentium
428 4374 686 4440 quorumcunque
707 4356 914 4435 conflictibus,
942 4358 1007 4421 sive
1027 4358 1110 4421 intra
1135 4360 1199 4423 sive
1221 4369 1309 4425 extra
1335 4360 1531 4444 superficiem

248 4458 397 4535 sitorum3
420 4459 590 4548 eademque
605 4442 657 4527 iex
672 4464 810 4529 obtineat
823 4466 856 4528 in
871 4465 987 4529 viribus
1008 4467 1199 4553 magneticis,
1223 4468 1372 4531 electricis
1392 4468 1532 4553 aliisque,

247 4578 329 4631 teste
351 4568 556 4651 experientiis,
573 4572 646 4654 jure
667 4573 826 4637 concludit
843 4572 1014 4639 Newtonus
1038 4572 1163 4638 Lunam
1177 4597 1241 4639 non
1257 4572 1376 4645 tantrim
1397 4576 1429 4637 in
1452 4574 1533 4637 Ter·
1672 4628 1673 4643 r

250 4696 328 4751 ram,
352 4674 408 4738 sed
429 4674 510 4739 hanc
525 4700 648 4763 quoque
670 4682 703 4743 in
727 4683 814 4745 iliam
836 4683 1000 4770 gravitate,
1024 4694 1055 4745 et
1073 4694 1235 4769 utromque
1261 4683 1342 4747 circa
1366 4704 1533 4749 commune
