3384 5459
173 420 260 485 Car.
277 418 321 498 1.]
528 418 617 517 AD
640 416 861 485 TERTIUM
885 418 1083 486 LIBRUM.
1419 419 1455 483 xi

170 592 301 657 Cancer
321 602 366 669 ὓ,
390 591 458 655 Leo
478 594 522 666 Sl,
537 590 638 679 Virgo
654 598 698 655 ²¹9.
754 593 818 659 Sex
840 592 934 655 etiam
954 592 1101 656 australia
1124 590 1268 657 videlicet
1288 590 1388 655 Libra
1409 605 1454 669 ὑ,
1481 603 1490 620 ·

171 702 326 785 Scorpius
362 711 406 777 πὶ,
447 700 630 787 Sagittarius
672 701 711 776 1,
743 699 954 783 Capricornus
992 708 1023 765 d
1060 699 1110 763 vel
1145 706 1190 779 ld,
1222 699 1380 788 Aquarius
1409 709 1456 777 ἔ,

171 812 285 876 Pisces
310 820 349 873 >a
395 809 496 886 Aries,
521 808 646 873 Taurus
668 832 704 873 ac
721 808 858 886 Gemini,
881 830 952 895 quae
965 810 1046 873 inter
1065 820 1218 893 punctum
1239 807 1456 895 aequinoctiale

168 910 347 982 vernum‘et
361 926 513 1001 puuctum
528 914 686 979 solstitiale
700 916 842 979 aestivum
858 916 1055 980 conducatur
1069 915 1224 994 dicunnu,
1240 916 1331 1002 sigua
1343 937 1455 979 verna·
1561 942 1564 951 ·

169 1025 238 1099 lia;
262 1023 394 1098 Cancer,
414 1020 493 1097 Leo,
519 1019 619 1107 Virgo
638 1043 658 1084 a
677 1020 829 1085 solstitiali
853 1022 964 1086 aestivo
985 1022 1026 1086 ad
1045 1022 1259 1107 aeqmnoctiale
1280 1022 1458 1085 autumnale

169 1142 340 1197 numerata
358 1128 534 1214 apellantur
552 1129 677 1205 aestiva3
705 1128 812 1205 Libra,
838 1129 986 1214 Scorpius
1000 1141 1033 1193 et
1049 1129 1233 1217 Sagittarius
1247 1129 1438 1193 autumnalia
1447 1153 1457 1205 ;

172 1240 398 1324 Capricornus,
423 1235 581 1321 Aquarius
602 1249 634 1301 et
655 1235 771 1314 Pisces,
787 1234 936 1321 hyberna.
981 1237 1080 1324 Signa
1093 1236 1292 1301 ascendentia
1306 1261 1325 1301 a
1337 1251 1456 1321 puncto

170 1344 330 1415 solstitiali
351 1343 493 1432 hyberno
515 1339 727 1422 ed‘aestivum,
753 1344 972 1409 descendentia
990 1343 1066 1409 veri)
1080 1367 1100 1408 a
1114 1342 1266 1407 solstitiali
1287 1344 1395 1409 restim
1415 1344 1457 1408 ad

169 1455 351 1541 hybernum
367 1462 595 1536 computantur.

218 1573 251 1629 6.
274 1564 416 1626 Aedium
436 1572 484 1626 est
497 1560 629 1646 sphaerae
645 1561 778 1627 coelestis
799 1563 903 1647 portio
917 1585 972 1627 seu
987 1584 1066 1627 zoua
1079 1563 1203 1629 duobus
1218 1563 1342 1628 circulis
1362 1563 1457 1648 eclip-

169 1672 246 1735 ticae
261 1670 417 1755 parallelis
438 1682 469 1735 et
489 1669 639 1757 gradibus
654 1678 673 1734 8
689 1669 739 1735 vel
754 1679 774 1735 9
790 1670 867 1735 hinc
886 1668 960 1733 inde
979 1671 1020 1734 ab
1036 1670 1181 1755 ecliptici
1196 1671 1379 1735 distantibus
1394 1682 1458 1734 ter-

170 1780 302 1856 minata,
326 1778 384 1841 sub
398 1774 458 1863 quii
473 1776 607 1861 planete
621 1798 730 1841 omnes
744 1788 847 1841 motus
863 1800 935 1841 suos
950 1777 1124 1842 absolvunt
1170 1778 1260 1843 Dum
1273 1779 1402 1862 planeta
1416 1778 1456 1842 ab

173 1910 290 1952 occasu
304 1886 338 1950 in
353 1898 456 1949 ortum
470 1907 527 1949 seu
542 1885 713 1949 secrmdum
727 1885 871 1950 ordinem
891 1886 1062 1972 signorum,
1085 1899 1139 1951 aut
1154 1886 1239 1973 quod
1253 1886 1338 1950 idem
1353 1898 1453 1963 sonat,

153 2066 156 2069 ,
172 1996 209 2058 in
224 1994 314 2080 sigua
328 1990 548 2077 consequentia
561 1992 708 2055 nimirum
716 1992 757 2055 ab
768 1992 877 2081 Ariete
885 1992 926 2056 ad
935 1992 1087 2071 Taurum,
1098 1993 1234 2058 aTauro
1243 1994 1283 2056 ad
1293 1994 1456 2071 Geminos,

173 2105 247 2177 δια,
269 2112 358 2163 motu
379 2100 508 2183 proprio
529 2098 637 2177 fertur,
663 2098 715 2162 ille
736 2099 862 2184 planeta
886 2112 961 2165 tuuc
981 2102 1130 2186 temporis
1153 2102 1288 2186 directus
1310 2116 1457 2177 vocatur3

174 2209 250 2276 cium
270 2209 369 2293 ipsius
390 2218 494 2273 motrrs
514 2206 660 2292 proprius
682 2229 803 2293 cessare
825 2207 958 2286 videtin,
982 2230 1038 2272 seu
1059 2208 1136 2273 dum
1154 2209 1279 2293 plmreta
1298 2209 1332 2271 in
1346 2209 1459 2273 eodem

174 2316 247 2383 coeli
261 2325 380 2401 puncto
395 2314 512 2377 morari
533 2336 590 2397 per
604 2314 722 2399 aliquot
736 2313 803 2378 dies
819 2314 967 2390 cenritur,
991 2314 1137 2378 eumdem
1151 2316 1243 2378 situm
1259 2314 1393 2379 fixarum
1408 2337 1458 2379 re-

174 2436 285 2510 spectu
309 2444 444 2497 servans,
468 2422 663 2485 stationarius
685 2421 817 2497 dicitru3
841 2420 1041 2509 retrogradus
1062 2420 1189 2485 tandem
1211 2421 1386 2508 appellatur
1403 2424 1459 2487 ubi

174 2529 286 2597 contra
300 2531 460 2617 signorum
476 2528 617 2593 ordinem
632 2552 687 2593 seu
701 2530 734 2593 in
748 2530 973 2607 antecedentia,
989 2541 1025 2592 ut
1039 2550 1058 2591 a
1073 2528 1182 2593 Tauro
1195 2526 1237 2591 ad
1253 2528 1402 2607 Arietem,
1417 2530 1459 2593 ab

176 2642 288 2707 Ariete
303 2639 345 2703 ad
361 2639 478 2714 Pisces,
494 2640 551 2703 &a
567 2638 696 2722 proprio
710 2649 798 2702 motu
813 2638 937 2702 incedit.

218 2754 250 2811 6.
275 2744 368 2808 Luna
383 2754 415 2807 et
430 2743 486 2811 Sol
501 2754 575 2808 suut
588 2764 712 2828 semper
726 2742 856 2819 directi3
879 2754 911 2806 at
924 2743 1030 2806 caeteri
1044 2741 1178 2827 planetae
1192 2754 1259 2806 tum
1274 2744 1459 2829 superiores,

173 2853 332 2931 videlicet,
356 2855 518 2931 Satumus,
542 2853 665 2937 Jupiter
680 2862 711 2917 et
727 2850 826 2929 Mars,
850 2864 918 2917 trun
932 2851 1105 2929 inferiores,
1127 2852 1285 2930 nimirum,
1305 2854 1414 2917 Venus
1429 2865 1461 2918 et

176 2959 368 3035 Mercurius
408 2957 517 3035 directi
546 2956 660 3021 deinde
693 2957 866 3021 stationmii
902 2968 936 3020 et
963 2954 1073 3040 posted
1102 2958 1277 3045 retrogradi
1305 2957 1459 3023 videntur.

176 3067 301 3131 Eorum
322 3076 464 3149 tempora
483 3064 643 3149 periodica
666 3064 779 3150 quibus
794 3074 896 3128 totum
911 3062 1075 3126 zodiacum
1087 3050 1122 3125 in
1137 3050 1358 3149 consequentia
1371 3086 1462 3149 pera-

174 3186 280 3263 grant,
304 3187 376 3239 sunt
396 3175 570 3266 inaequalia.
616 3174 700 3237 Nam
723 3174 876 3237 Saturnus
893 3181 935 3237 80
950 3169 1073 3234 circiter
1086 3171 1175 3234 mnis
1188 3171 1354 3256 periodum
1373 3194 1461 3239 suam

174 3283 326 3359 absolvit;
348 3284 471 3369 Jupiter
487 3283 575 3347 annis
589 3282 713 3345 circiter
729 3288 780 3358 12,
805 3281 896 3345 Mars
910 3280 1000 3343 annis
1013 3279 1139 3343 duobus
1153 3278 1228 3358 ferd,
1245 3280 1338 3344 Luna
1352 3281 1461 3347 diebus

159 3396 219 3485 '27
242 3402 274 3452 et
294 3388 379 3453 horis
401 3396 420 3457 7
442 3388 574 3465 circiter,
599 3387 706 3451 Venus
728 3397 831 3449 autem
853 3397 886 3449 et
907 3384 1087 3449 Mercurius
1101 3406 1174 3448 cum
1191 3384 1265 3450 Sole
1279 3406 1364 3449 armo
1386 3408 1460 3451 uno.

177 3494 263 3559 Nam
276 3494 311 3557 hi
325 3494 389 3559 duo
403 3494 539 3580 planetae
556 3495 661 3560 Solem
675 3493 719 3557 itai
733 3504 913 3557 constanter
927 3493 1115 3557 comitantur
1129 3504 1164 3556 ut
1178 3493 1286 3557 Venus
1300 3514 1462 3581 nunquam

176 3602 260 3667 ultra
275 3610 317 3672 47
331 3604 454 3669 circiter
468 3602 594 3690 gradus,
605 3624 664 3666 nec
680 3600 858 3665 Mercurius
872 3597 955 3664 ultra
971 3608 1011 3663 28
1023 3623 1043 3663 a
1055 3599 1128 3665 Sole
1137 3599 1340 3687 digrediatur,
1355 3600 1389 3663 id
1403 3611 1461 3679 est,

175 3710 313 3796 angulus
328 3710 483 3773 maximus
499 3711 557 3774 sub
572 3732 635 3796 quo
650 3708 797 3773 distantia
811 3708 943 3773 Veneris
962 3719 1017 3773 aut
1036 3706 1190 3772 Mercurii
1203 3731 1223 3771 a
1239 3709 1311 3774 Sole
1326 3730 1344 3771 e
1359 3707 1462 3773 Termi

177 3816 378 3899 conspicitur,
394 3816 512 3903 gradus
527 3822 568 3883 47
583 3814 633 3879 vel
648 3823 689 3879 28
704 3836 865 3899 nunquam
880 3827 1015 3898 superat

222 3926 252 3987 7.
286 3922 400 3985 cimai
425 3922 644 3999 declinationis,
668 3944 723 3985 seu
743 3922 849 3985 caan
869 3922 996 3998 horarii,
1022 3936 1095 3987 sunt
1120 3922 1228 3988 eueni
1251 3921 1380 3985 maximi
1404 3943 1463 4007 per

180 4026 289 4089 mundi
309 4023 400 4111 polos
423 4037 616 4091 transeuntes
639 4039 670 4119 et
691 4025 823 4111 proinde
845 4029 996 4113 aequaturi
1017 4028 1298 4114 perpendiculares.
1344 4027 1462 4093 Sideris

179 4131 231 4196 vel
250 4134 359 4216 puncu'
380 4122 545 4219 cujuslibet
565 4134 598 4195 in
620 4132 743 4216 sphaeris
763 4132 921 4196 mundani
937 4136 1097 4199 declinatio
1112 4146 1160 4199 est
1173 4157 1264 4199 arcus
1279 4135 1387 4200 circuli
1406 4136 1463 4200 de·

176 4235 354 4302 clinationis
380 4239 462 4303 inter
488 4239 574 4303 sidus
601 4240 651 4303 vel
675 4239 782 4302 datum
808 4252 962 4323 punctum
990 4255 1022 4305 et
1046 4255 1237 4327 aequatorem
1262 4243 1461 4326 interceptus.

177 4334 323 4409 Asconio
346 4356 428 4409 recta
454 4345 563 4411 sideris
589 4358 636 4409 est
658 4366 749 4409 arcus
770 4348 937 4431 aequatoris
959 4348 1040 4409 inter
1064 4362 1216 4431 punctum
1244 4348 1460 4435 aequinoctiale

171 4472 307 4515 vernum
328 4463 361 4515 et
381 4452 532 4517 cuculum
555 4450 770 4517 declinationis
796 4450 905 4517 sideris
920 4453 1002 4519 illius
1026 4454 1269 4540 comprehensus
1291 4481 1328 4521 ac
1349 4481 1460 4525 seeun-

173 4557 253 4624 dum
267 4560 410 4625 ordinem
425 4562 586 4649 signorum
598 4572 788 4627 numeratus.
836 4563 953 4630 Circrdi
965 4568 1138 4633 latitudinis
1159 4565 1296 4631 siderum
1312 4582 1385 4634 sunt
1399 4570 1458 4634 cir-
