3384 5459
261 388 302 445 30
562 382 901 450 PHILOSOPHIAE
923 384 1196 453 NATURALIS
1227 389 1299 468 [Da
1313 388 1435 453 Murro.
1448 391 1544 457 Stet.

260 551 386 629 ostendunt
397 550 559 626 experimenta
585 551 652 599 Hine
663 561 714 613 post
721 554 884 614 transcriptum
897 604 900 609 ,
951 554 1008 603 Alii
1015 558 1104 603 attone
1114 556 1165 602 hnc
1173 556 1331 616 experimenta
1338 570 1437 619 possunt
1444 560 1543 618 institui,

261 618 306 664 hoc
326 632 403 677 ipsum
427 615 581 663 Corollanum
599 620 633 673 5.‚
655 616 734 663 subdit
755 618 885 665 Muscheu-
917 634 1001 679 nempe
1011 618 1178 665 considerando
1188 620 1303 667 actionem
1314 623 1428 684 magnetis
1438 623 1464 669 in
1474 639 1544 670 ecum

261 681 346 727 broelt:
367 687 383 711 ‘⁸
396 679 492 727 Uu'nam
507 679 625 726 memoria
635 679 726 737 prodita
736 680 833 727 luissent
844 696 885 727 ex·
917 683 1079 745 magneticam,
1089 693 1202 743 quantum
1213 699 1298 744 nempe
1309 701 1350 743 pro
1358 686 1421 733 veriti
1428 689 1546 749 magne&

263 744 418 855 :periments
432 760 462 819 ex
478 743 562 818 quibus
574 742 704 853 Nelm'lll
712 744 764 851 hmo
772 744 883 819 collegit,
917 744 1028 792 distantii
1048 746 1205 821 amaguetico
1225 748 1354 823 meridiano
1374 751 1544 824 acum-detor.

264 816 886 944 uttmtttttulttttiirititiis&
917 810 1545 939 tlttt‘ttffitttttlilttltffltt:

264 942 280 967 ¹⁸
290 934 356 983 randi
367 943 513 982 attractiones
523 950 538 980 a
547 933 716 993 repulsionibus
723 949 821 995 qunrum
833 950 886 995 pro-
918 936 978 983 sorte
989 937 1112 984 methodus
1122 953 1149 983 ea
1160 947 1195 983 est
1204 938 1275 985 etiam
1286 939 1334 1000 qui
1347 914 1477 987 Newtonui
1487 956 1545 987 usus

263 1005 280 1031 ‘⁸
289 999 420 1060 portionem
437 998 461 1043 in
478 994 592 1044 &mutire
606 997 695 1043 ratione
713 997 828 1057 triplicati
844 998 886 1046 de-
918 1000 1002 1053 fuerat,
1020 1011 1045 1046 et
1060 1015 1116 1047 saue
1132 1002 1242 1048 omnibus
1257 1006 1328 1062 probe
1342 1004 1427 1050 notetis
1443 1020 1497 1065 quse
1513 1005 1546 1053 ad

262 1068 281 1095 “
291 1078 391 1111 orestem
407 1060 565 1121 deprehendit,
582 1059 621 1107 sed
632 1058 688 1121 quia
699 1060 756 1106 nihil
766 1060 796 1107 de
807 1062 851 1109 hic
862 1079 887 1110 re
919 1064 1095 1111 admadonem
1103 1064 1187 1111 virium
1198 1064 1355 1126 requiruntur,
1366 1068 1545 1129 rismsgneticae

264 1132 282 1159 “
292 1126 389 1174 ulterius
404 1124 571 1179 determinavit,
589 1139 632 1171 nec
646 1123 753 1183 amplecti
768 1124 819 1185 ejus
834 1140 887 1172 sert-
919 1126 1098 1174 diminutionem
1120 1128 1248 1176 secundum
1270 1128 1408 1189 triplicatam
1429 1132 1545 1178 rationem

264 1191 387 1238 “tenthm
407 1188 573 1263 possurnua.”n
603 1187 637 1235 Ut
657 1187 817 1249 intelligantur
835 1190 886 1254 lime
918 1191 1546 1255 proemnsexpenmentisqutmsoeuntimntpomi

265 1254 358 1303 clvi-⁸⁸·
382 1252 574 1301 Musschfflbwkfl
600 1252 675 1307 '‘ffb'’
702 1250 822 1298 &lendum
843 1263 886 1310 est,
918 1255 1030 1303 iristitutis
1044 1254 1192 1314 deprehendi,
1207 1270 1260 1316 quie
1274 1256 1369 1317 quidem
1385 1260 1546 1317 experimenta

262 1320 340 1365 tirum
349 1317 509 1365 doctissimum
519 1316 567 1362 suis
577 1313 738 1374 experimentis
751 1314 777 1360 in
787 1331 840 1363 eam
850 1318 887 1363 iu·
920 1317 987 1381 (edm
1004 1333 1052 1365 non
1068 1318 1116 1364 sint
1132 1317 1164 1364 ad
1180 1332 1278 1365 manum
1293 1334 1321 1366 ea
1336 1335 1390 1380 quta
1405 1319 1547 1368 Wisthonua

263 1382 361 1430 ductum
371 1380 443 1427 fuisse
453 1378 616 1441 suspicionem,
624 1377 687 1441 quod
695 1376 781 1425 scilicet
791 1394 888 1442 magnes
919 1380 963 1428 hic
973 1381 1003 1428 de
1013 1396 1038 1427 re
1049 1380 1153 1442 trsdidit)
1170 1382 1255 1428 referre
1265 1384 1336 1429 nostri
1349 1393 1407 1441 puto
1417 1399 1466 1430 esse
1476 1385 1546 1431 insti·

262 1452 378 1494 cominu
395 1443 499 1505 partibus
516 1441 584 1489 uelde
600 1441 764 1502 heteroganeis,
787 1458 887 1505 quarum
919 1446 972 1491 tuti.

280 1508 371 1557 uadem
382 1508 528 1564 attraherent,
540 1505 646 1569 quadani
657 1504 800 1565 repellerent,
818 1506 850 1555 tut
860 1517 888 1558 ut
953 1508 989 1555 Sit
1009 1523 1065 1570 ergo
1089 1510 1111 1555 A
1131 1509 1152 1555 C
1173 1508 1203 1558 B.
1225 1509 1367 1557 meridianus
1389 1512 1545 1573 magnericus,

262 1526 318 1621 duat
333 1572 380 1619 illa
395 1572 453 1619 eires
463 1568 619 1645 opposita'rel
630 1568 740 1629 simplicis
750 1570 888 1630 repulsionis
920 1572 979 1620 Nc
998 1572 1014 1618 S
1035 1578 1090 1618 acu's
1111 1571 1241 1633 magnetius
1262 1574 1352 1621 actione
1370 1576 1485 1636 magnetis
1505 1576 1545 1630 M,

263 1638 301 1685 sel
322 1644 464 1685 ιωιοιιοιιιι
484 1643 655 1695 proportionem
674 1634 774 1680 turbent.
812 1635 888 1695 quue
918 1646 983 1683 extra
1004 1635 1158 1682 meridianum
1183 1637 1340 1697 magneticum
1367 1647 1446 1694 tractu,
1470 1638 1549 1701 sitqrse

264 1714 313 1748 uon
333 1708 396 1747 caret
414 1697 622 1753 rensimilitudine,
648 1694 704 1743 otim
726 1697 890 1757 experimentis
921 1699 1061 1749 linerent
1076 1715 1091 1745 s
1106 1709 1186 1746 centro
1202 1714 1257 1744 acus
1268 1700 1297 1745 nd
1308 1711 1415 1746 centrum
1430 1706 1549 1763 magnetis

263 1763 457 1827 notissimumpit,
468 1770 589 1825 magnetes
599 1774 646 1807 non
657 1758 734 1806 solnm
745 1774 795 1807 sese
805 1759 890 1812 mutub
921 1762 992 1810 ducta
1007 1762 1136 1809 meridiano
1152 1765 1284 1821 magnerico
1298 1764 1502 1822 perpendimleris,
1521 1776 1548 1814 ee

264 1822 516 1884 rmudnmodetiun
527 1825 637 1872 uorum>
646 1823 889 1887 numentinum.
921 1826 999 1880 stetim
1020 1836 1165 1893 supponetur
1186 1826 1318 1873 distentam
1341 1828 1362 1873 c
1383 1828 1412 1875 Μ
1433 1843 1448 1875 a
1466 1838 1549 1875 centro

263 1894 324 1940 riam
338 1900 430 1952 putem
440 1904 558 1946 converso,
571 1902 646 1936 unum
657 1890 686 1934 ab
697 1888 733 1935 al·
768 1904 772 1911 ¹

263 1966 315 2003 tero
324 1954 413 2015 repelli.
448 1954 553 2015 Uterque
563 1951 678 2014 mugiistis
690 1966 733 2012 po-

264 2019 360 2067 luerim
372 2017 521 2091 repellentem
537 2025 606 2078 etque
616 2016 733 2062 attralten-

264 2093 312 2131 tem
323 2080 390 2145 aqud
406 2080 513 2137 osteudu,
525 2090 549 2127 et
559 2076 644 2126 idcircd
654 2092 682 2126 ex
693 2092 733 2125 eo·

265 2146 320 2195 dem
340 2146 395 2207 polo
421 2144 456 2191 ris
476 2145 592 2192 attrehens
614 2151 638 2189 et
658 2142 733 2202 repel-
837 2138 842 2151 '

264 2208 317 2258 lens
337 2214 435 2256 musnet.
475 2208 499 2255 Si
514 2206 582 2254 amici
597 2215 734 2269 magnetum

265 2273 313 2335 poli
324 2273 368 2320 sibi
382 2275 537 2327 obvertuntur,
554 2270 658 2317 attractio
674 2284 733 2329 pra-

264 2336 338 2399 pollet
348 2336 481 2397 repulsioni,
498 2334 517 2380 si
528 2350 541 2381 e
551 2332 632 2380 contri
646 2332 734 2381 inimici

265 2399 314 2463 poli
325 2415 374 2447 sese
388 2398 487 2447 invicem
502 2397 631 2458 respiciant,
646 2410 734 2457 prata·

265 2468 299 2515 let
315 2463 422 2525 repulsio.
467 2463 626 2519 Quamobrem
643 2460 683 2523 qui
695 2474 733 2506 so·

265 2530 314 2581 latu
334 2527 493 2576 attractionem
515 2526 565 2571 vult
581 2538 718 2586 cognoscere
724 2541 733 2581 ς

266 2602 409 2655 perspectam
423 2592 507 2638 habere
520 2588 589 2636 debet
599 2586 744 2634 eorumdn'

265 2655 424 2719 polorumtim
433 2652 579 2713 repulsivam,
589 2666 686 2713 eamque
694 2650 735 2697 sd-

265 2721 321 2769 dere
334 2720 357 2767 ti
371 2717 494 2767 attrahenti
509 2716 666 2777 experimento
680 2730 734 2779 cog-

264 2785 328 2839 nitae,
354 2797 446 2829 summa
465 2780 577 2828 iudicabit
595 2779 644 2827 rim
662 2788 735 2827 totam

266 2848 427 2897 attrahentem.
459 2842 734 2903 Hiucforssnlleripos·

267 2921 303 2959 set
319 2921 347 2957 ut
363 2909 472 2971 separatis
490 2910 519 2955 ab
537 2908 637 2955 invicem
651 2914 734 2953 stunc·
1330 2952 1339 2962 ῃ

267 2975 337 3023 tiords
358 2971 541 3031 repulsionisque
567 2970 660 3025 viribus,
687 2978 794 3016 constans
819 2982 892 3030 quam
922 2978 979 3011 actis
999 2961 1030 3010 ad
1051 2972 1157 3010 mirum
1175 2961 1290 3025 magnetis
1311 2976 1360 3010 msc
1380 2960 1474 3025 physici
1495 2961 1553 3009 inii·

269 3038 399 3086 Newtonus
414 3032 565 3095 deprehendit
580 3032 640 3079 luter
655 3033 801 3079 attractiones
811 3041 834 3077 et
844 3031 892 3077 dis-
923 3028 1004 3074 nitam.
1240 3020 1249 3036 '

268 3101 351 3149 tantias
370 3098 486 3160 proportio
499 3096 619 3144 obtineret.
656 3096 690 3142 At
710 3094 765 3142 verb
786 3092 841 3141 edm
862 3108 892 3140 ex
956 3090 1001 3137 Vis
1017 3088 1149 3153 magnetica
1169 3089 1248 3136 Terrte
1268 3090 1363 3136 retrahit
1380 3104 1450 3136 acum
1466 3105 1481 3137 a
1501 3090 1553 3137 sitta

269 3164 350 3212 crassis
366 3161 562 3209 observationibus
577 3159 690 3207 duntaxat
706 3159 731 3206 id
747 3172 772 3204 se
788 3157 894 3204 animad-
927 3155 945 3201 8
957 3155 978 3201 C
990 3155 1016 3201 Ν
1025 3152 1056 3201 ad
1069 3153 1162 3205 Bes,
1174 3153 1216 3199 secl
1224 3154 1282 3214 quia
1290 3154 1326 3200 illi
1336 3153 1392 3200 situl
1401 3163 1437 3199 est
1445 3152 1550 3215 obliqua,

268 3228 364 3275 vertisse
392 3224 492 3271 fateatur
521 3224 657 3279 Newtonus,
691 3237 740 3268 non
764 3218 797 3268 itt
823 3219 894 3283 longe
925 3217 1060 3264 resolvenda
1070 3215 1210 3263 estinduaa
1219 3216 1552 3272 viraunsmlineseSCN

264 3288 394 3354 querenda
405 3287 495 3335 ridetur
505 3302 571 3335 mens
582 3290 653 3334 nostri
664 3285 757 3333 sutona
926 3280 1147 3341 perpendicularem,
1164 3278 1260 3325 alteram
1275 3280 1318 3340 ipsi
1333 3278 1481 3338 psrallelam3
1497 3280 1553 3327 hnc

303 3358 316 3386 0
330 3354 386 3400 Vim
402 3352 557 3414 magnetioam
567 3350 696 3397 decrescere
713 3350 737 3395 iu
752 3360 840 3395 renone
850 3346 890 3393 tri-
923 3345 1008 3390 frustra
1019 3344 1069 3405 agit
1078 3343 1196 3389 obnitente
1206 3352 1286 3389 centro
1296 3344 1324 3399 C,
1333 3342 1374 3389 illa
1382 3341 1438 3389 verti
1447 3342 1551 3404 gyratio-

266 3416 355 3479 plicati
375 3416 544 3471 distantiarum,
572 3417 601 3461 ab
626 3412 789 3474 experimentis
812 3410 893 3458 statuit
923 3420 978 3453 netu
992 3406 1048 3454 acite
1062 3406 1140 3461 eflicit,
1152 3405 1230 3466 itaque
1247 3406 1268 3451 si
1285 3406 1311 3452 iu
1327 3414 1414 3465 puncto
1429 3406 1510 3467 quovis
1525 3420 1550 3462 c,

267 3482 410 3528 'Wisthonus
424 3478 448 3525 in
460 3478 554 3543 egregio
565 3478 684 3539 opusculo,
697 3479 736 3524 De
746 3474 809 3524 Acts
823 3476 892 3535 Mag·
923 3486 962 3518 ac
978 3479 1124 3531 representet
1140 3469 1188 3514 vim
1202 3469 1357 3531 magnetioarn
1367 3479 1448 3525 totam,
1458 3482 1500 3516 au
1510 3484 1551 3515 ran

270 3548 350 3595 nestra.»
367 3546 538 3592 inuitatione:
557 3542 606 3601 ipse
616 3550 695 3589 autem
708 3540 892 3586 Muschenbroe-
924 3534 1072 3594 punctam
1086 3533 1133 3577 rim
1146 3529 1195 3593 qui
1208 3534 1349 3579 convertitur
1359 3547 1421 3585 acus,
1432 3547 1484 3593 qua
1494 3530 1551 3579 ideo

194 3644 202 3649 -
263 3610 324 3656 'ltius
334 3610 359 3654 in
372 3608 448 3655 Tomo
457 3606 536 3653 Primo
544 3604 655 3666 Physiceu
667 3604 729 3660 Sum,
739 3601 894 3649 redonemdi·
925 3609 961 3644 eat
973 3596 1003 3643 ad
1015 3597 1064 3642 vim
1079 3595 1233 3657 magnetieatn
1248 3606 1320 3642 totam
1336 3596 1361 3641 in
1376 3611 1405 3643 eo
1420 3604 1507 3656 puncto
1521 3605 1552 3644 ut

271 3671 407 3719 minutionis
419 3670 452 3717 vis
466 3668 603 3731 magnetica
614 3682 662 3714 esse
672 3668 721 3714 scre
730 3665 895 3728 quadruplica-
926 3662 992 3707 sinus
1001 3659 1082 3722 anguli
1093 3675 1107 3706 a
1117 3673 1131 3705 c
1141 3674 1157 3704 ιι
1169 3659 1340 3721 (declinationis
1350 3675 1406 3706 acus
1416 3674 1431 3705 a
1440 3659 1550 3705 meridia-

271 3748 318 3783 tam
329 3735 489 3783 distantiarum
501 3730 595 3779 deducit
605 3730 795 3793 ingeniosissimis
805 3728 894 3788 experi-
926 3739 958 3770 no
972 3722 1114 3785 magrietloo)
1131 3721 1161 3767 ad
1177 3722 1282 3778 radium
1299 3724 1323 3767 in
1338 3723 1446 3769 omnibus
1456 3724 1551 3782 punctis

263 3800 362 3857 mentis,
385 3798 472 3845 scilicet
492 3806 625 3857 magnetem
647 3808 722 3841 unum
743 3791 810 3839 alteri
832 3791 894 3838 lanei
928 3790 948 3835 C
961 3788 985 3835 N
1001 3787 1049 3832 vitu
1064 3785 1177 3847 aqualem
1188 3787 1287 3832 eruceri
1300 3787 1400 3846 supponi
1410 3795 1492 3845 potest,
1507 3786 1551 3834 aad

271 3863 367 3910 bilancis
383 3860 499 3923 appendit,
513 3858 655 3919 ponderibus
668 3856 694 3903 in
704 3854 777 3904 elteri
787 3855 854 3902 lance
864 3853 894 3902 ad
925 3852 951 3898 in
963 3861 1027 3911 perte
1043 3850 1063 3897 C
1077 3850 1094 3895 S
1109 3849 1182 3895 vises
1190 3847 1306 3908 repulsied
1316 3850 1370 3911 agit,
1382 3847 1482 3910 ideoque
1491 3864 1550 3896 oon-

266 3926 425 3989 tequilrbrium
436 3921 604 3970 instituendum
615 3919 734 3981 impositis,
751 3928 802 3967 tum
813 3918 892 3965 admo·
925 3915 995 3962 emtis
1004 3927 1060 3961 curn
1071 3914 1157 3973 ri‘qua
1166 3912 1279 3959 conectit
1288 3922 1377 3972 partem
1389 3913 1452 3967 CN,
1463 3922 1489 3960 et
1496 3914 1551 3975 eius

272 4000 310 4037 ret
325 3998 457 4051 magnetem
471 3989 514 4033 sub
528 4000 557 4033 eo
571 3985 611 4047 qui
627 3998 753 4045 suspensus
764 3993 806 4038 est,
818 3982 851 4028 sic
861 3980 895 4028 ris
925 3978 1052 4025 efficaciam
1062 3976 1179 4038 geminat:
1193 3986 1276 4022 notum
1286 3986 1321 4023 est
1328 3974 1452 4037 verisquod
1462 3976 1551 4023 sitires

272 4053 413 4105 attractionis
419 4060 560 4113 magnetum
575 4047 729 4111 aequilibrium
746 4046 814 4102 tollit,
831 4044 895 4107 quod
925 4041 1026 4103 aquales
1035 4040 1060 4085 in
1070 4041 1179 4086 omnibus
1188 4039 1341 4098 promiscii
1351 4049 1423 4101 agant
1430 4039 1551 4100 equaliter

272 4116 366 4179 adjectis
383 4114 523 4175 ponderibus
540 4111 674 4167 restituitur,
692 4120 717 4157 et
736 4108 836 4169 pondera
855 4106 895 4155 illa
926 4114 950 4153 et
965 4103 1184 4165 perpendiculariter
1198 4112 1226 4148 ut
1241 4118 1293 4148 earn
1308 4102 1393 4148 lineam
1404 4112 1548 4159 motmunt,

271 4178 378 4229 addenda
385 4177 446 4225 varia
456 4188 511 4224 sunt
521 4192 562 4236 pro
571 4174 633 4223 varii
641 4170 750 4221 distantii
757 4180 895 4234 magnetum
925 4182 1006 4215 eartsm
1016 4167 1122 4213 omnium
1132 4166 1234 4213 efficacis
1242 4165 1324 4211 eadem
1335 4166 1379 4213 erit
1388 4180 1416 4213 ac
1426 4166 1445 4212 si
1455 4181 1550 4214 summ

272 4243 333 4291 iuter
343 4256 375 4298 se,
387 4240 420 4288 ita
429 4249 457 4287 ut
467 4240 588 4287 videantur
598 4239 661 4301 sequi
671 4238 785 4285 rationem
794 4236 895 4299 quadru-
926 4232 1033 4279 omnium
1040 4230 1123 4276 virium
1130 4227 1348 4291 perpendimlatiter
1356 4230 1465 4292 ageretin
1473 4244 1550 4290 pune·

265 4305 381 4366 plicatam
388 4306 502 4350 inversam
510 4304 575 4365 spatii
587 4302 653 4349 vacui
664 4302 722 4348 inter
732 4308 851 4365 magnetes
859 4297 895 4343 in·
926 4305 951 4342 to
969 4295 991 4341 P
1006 4294 1098 4341 duabus
1107 4294 1180 4341 tertiis
1189 4292 1293 4352 partibus
1303 4308 1359 4339 scus
1371 4295 1391 4341 C
1405 4294 1429 4340 N
1445 4309 1460 4339 a
1468 4302 1551 4341 mitro

273 4369 375 4429 terccpti,
386 4368 450 4430 quod
461 4368 560 4427 spatium
571 4378 671 4413 vacuum
681 4380 730 4411 nott
741 4374 775 4410 est
786 4360 895 4473 οζὲὶηάή-
929 4359 950 4407 C
960 4368 1063 4405 emoto:
1082 4359 1121 4404 hic
1136 4371 1194 4418 ergo
1208 4356 1305 4403 collecta
1315 4358 1402 4404 censeri
1414 4366 1487 4417 pot&
1497 4365 1551 4404 tota

270 4448 328 4479 curn
339 4442 380 4479 aut
390 4430 555 4491 prismaticum,
563 4430 618 4490 quia
628 4439 748 4492 magnetes
753 4426 793 4491 qui
843 4433 896 4472 ute-
926 4423 961 4468 ris
971 4421 1101 4483 magne&
1110 4428 1246 4468 convmtens
1255 4430 1344 4479 partem
1356 4422 1377 4468 C
1390 4421 1422 4477 N,
1433 4430 1456 4467 et
1466 4420 1552 4468 ωᾱαιι

266 4500 342 4543 4Ιιειιυι
365 4496 401 4543 cl.
427 4492 660 4546 Muschenbroekius,
688 4502 753 4539 erent
773 4489 895 4563 sphericij
927 4485 1047 4533 nummio
1062 4484 1227 4544 tia,repulaira
1241 4495 1377 4558 contuens
1388 4492 1477 4543 partem
1489 4484 1510 4531 C
1523 4486 1549 4539 8,
