3384 5459
261 412 324 477 ero
511 362 778 489 momento
801 412 1006 480 PHYSICA
1028 414 1078 477 ΙΝ
1103 414 1299 481 causan

257 580 311 644 vit.
357 578 456 645 Simul
472 593 577 645 autem
591 603 633 645 ex
648 581 761 646 iisdem
775 582 1083 675 determinqtionibus
1103 583 1286 671 intelligitur
1301 582 1360 647 sub
1376 584 1452 668 ipsis
1465 567 1544 669 polis

257 688 380 753 nullum
395 689 523 754 omnino
537 701 650 754 aestum
662 691 732 755 dari
746 690 904 769 diurnum,
927 692 960 756 in
975 693 1154 779 regionibus
1168 698 1242 757 verb
1257 716 1277 757 a
1290 692 1370 777 polis
1385 714 1450 755 non
1472 714 1545 776 pro·

257 796 308 861 cul
329 798 466 875 remotis,
489 798 544 862 ubi
565 798 730 864 luminaria
749 801 801 864 vel
819 804 885 865 non
908 802 1051 867 oriuntur
1071 801 1122 866 vel
1141 823 1206 865 non
1226 800 1383 876 occidunt,
1406 799 1546 885 quotidie

257 924 356 965 unum
377 914 498 967 tantum
518 906 640 969 fluxum
653 908 844 995 unicumque
858 908 1013 973 refluxum
1027 910 1209 997 contingere
1223 907 1355 984 debere;
1378 928 1449 991 quae
1470 927 1544 969 con-

255 1010 416 1095 sequentia
437 1011 577 1091 theoriae,
604 1013 662 1079 etsi
690 1015 958 1081 observationibus
983 1016 1126 1080 nondum
1150 1015 1226 1079 satis
1254 1024 1302 1079 est
1331 1012 1543 1097 comprobata,

255 1132 360 1183 tamen
382 1121 457 1208 quia
477 1145 518 1187 ex
538 1124 649 1188 iisdem
670 1126 830 1211 principiis
853 1126 991 1212 sequitur
1012 1148 1084 1213 quas
1105 1123 1253 1208 institutis
1277 1123 1544 1187 observationibus

254 1232 452 1313 satisfaciant,
468 1235 547 1299 nulli
560 1235 694 1321 amplius
708 1238 805 1302 dubio
819 1238 958 1325 subjecta
968 1238 1100 1301 videtur.
1135 1236 1172 1300 In
1188 1234 1265 1299 locis
1276 1238 1380 1303 autem
1392 1234 1543 1319 aequatori

252 1341 464 1425 propioribus,
494 1342 607 1428 quibus
631 1345 769 1431 quotidie
791 1346 858 1409 bini
879 1347 983 1410 fluxus
996 1345 1198 1430 'totidemque
1223 1345 1364 1407 refluxus
1387 1342 1543 1419 eveniunt,

254 1470 458 1531 momentum,
480 1477 543 1540 quo
556 1478 640 1542 aque
651 1455 787 1521 maxime
802 1456 987 1541 deprimitur
1001 1478 1066 1521 non
1081 1456 1153 1521 satis
1168 1454 1277 1520 exacte
1290 1452 1430 1517 medium
1448 1453 1551 1535 mter,

249 1560 356 1643 jacere
370 1561 552 1627 observatur
565 1563 647 1627 inter
658 1564 803 1629 fluxuum
816 1576 984 1640 momenta,
1004 1563 1061 1629 scd
1076 1586 1152 1627 mox
1171 1562 1270 1647 priori
1289 1580 1366 1623 mox
1378 1558 1556 1644 posteriori

256 1678 304 1729 est
324 1668 464 1753 propius,
486 1670 572 1756 quod
592 1670 835 1755 pbaenomenum
856 1693 927 1734 curn
949 1670 1056 1735 nostrl
1078 1668 1199 1735 theorii
1221 1666 1363 1754 apprime
1381 1667 1544 1753 congruit;

253 1778 449 1876 ostendimup
470 1781 554 1843 enim
575 1795 769 1845 momentum
789 1780 927 1845 refluxus
950 1802 1015 1843 non
1038 1778 1148 1845 exacte
1175 1779 1310 1863 tempori
1334 1776 1440 1840 modio
1466 1778 1548 1840 inter

253 1886 357 1949 fluxus
379 1886 578 1970 respondere,
601 1887 662 1950 nisi
675 1888 724 1951 vel
745 1888 833 1951 locus
847 1888 924 1951 situs
941 1888 980 1951 sit
994 1888 1052 1951 sub
1068 1898 1236 1973 aequatore,
1260 1886 1311 1951 rel
1332 1886 1436 1951 Lunae
1451 1885 1546 1950 decli·

252 1992 339 2055 natio
353 1990 447 2056 fuerit
460 1992 557 2068 nulla,
573 1992 629 2056 sed
643 1990 739 2056 modb
753 1994 851 2077 priori
866 1992 962 2057 modd
976 1994 1141 2078 posteriori
1155 1994 1256 2057 fluxui
1272 2014 1340 2057 esse
1353 1992 1494 2077 propius.

298 2104 322 2180 l.
341 2106 416 2163 101.·
436 2099 617 2163 Secundum
637 2099 881 2184 phaenomenum
901 2101 964 2165 huo
986 2100 1076 2177 redit,
1101 2112 1136 2165 ut
1150 2100 1266 2187 ubique
1285 2100 1428 2165 locorum
1442 2100 1546 2165 llrrxas

253 2216 327 2289 post
350 2206 515 2268 transitum
538 2205 640 2269 Lunae
664 2228 722 2291 per
742 2208 950 2274 meridianum
972 2210 1077 2272 venire
1096 2208 1289 2288 observetur,
1312 2208 1408 2295 idque
1429 2209 1549 2295 aliquot

253 2318 407 2383 horarum
427 2319 539 2403 spatio,
563 2320 597 2383 in
616 2320 770 2405 portubus
784 2320 891 2385 rerstls
907 2335 1050 2407 apertum
1064 2342 1217 2385 oceanum
1231 2317 1418 2404 patentibus.
1464 2317 1549 2381 Nam

254 2428 287 2490 in
312 2428 493 2514 regionibus
516 2450 588 2515 quae
613 2451 685 2492 cum
708 2452 827 2493 oceano
852 2451 918 2493 non
942 2429 1101 2493 liberrime
1128 2428 1407 2503 communicantur,
1430 2422 1487 2490 sed
1507 2424 1549 2488 ad

254 2558 331 2622 quas
353 2558 435 2622 aqua
450 2537 544 2621 juxta
563 2536 668 2601 littora
688 2536 804 2600 deferri
825 2536 928 2614 debet,
951 2535 1051 2601 multo
1074 2534 1194 2601 tardius
1208 2548 1301 2599 aestus
1317 2530 1454 2614 advenit,
1477 2554 1550 2619 quae

253 2642 423 2706 retardatio
444 2642 472 2705 si
492 2641 558 2706 fere
573 2643 613 2706 ad
631 2650 671 2705 12
685 2642 779 2707 horas
795 2642 943 2722 ascendit,
966 2644 999 2706 in
1014 2666 1107 2708 causa
1121 2666 1188 2707 esse
1203 2642 1291 2720 solet,
1315 2655 1350 2706 ut
1368 2640 1550 2727 hujusmodi
1608 2705 1613 2715 ,

254 2750 287 2813 in
315 2750 392 2814 locis
412 2750 517 2814 fluxus
542 2762 615 2815 ante
635 2752 800 2814 transitum
825 2750 929 2815 Lunae
953 2772 1011 2834 per
1036 2750 1244 2814 meridianum
1267 2750 1374 2813 venire
1395 2748 1548 2813 videatur.

256 2860 307 2923 Ita
326 2859 368 2923 ad
392 2860 525 2925 Portum
542 2861 664 2926 Gratiae
678 2859 779 2925 videri
800 2872 906 2945 posset
919 2861 1024 2925 fluxus
1040 2870 1058 2924 3
1073 2858 1159 2923 horis
1176 2856 1550 2924 Lunaeculminationem

255 2972 451 3049 antecedere,
475 2971 547 3035 crim
562 2984 677 3050 tamen,
700 2995 735 3035 re
747 2970 828 3037 bene
842 2970 1047 3050 considerati,
1070 2995 1088 3034 a
1110 2970 1307 3057 praecedente
1327 2970 1549 3033 culminatione

254 3078 385 3154 oriatur,
409 3090 502 3163 atque
523 3070 602 3143 adad
623 3101 694 3143 eam
715 3090 736 3144 9
755 3078 823 3143 ferd
843 3079 931 3144 horis
953 3078 1080 3143 demum
1095 3090 1251 3163 sequatur,
1275 3077 1322 3140 uti
1343 3077 1509 3161 apparebit
1523 3076 1547 3139 si

254 3198 389 3250 oestuum
410 3202 578 3267 momenta,
601 3213 673 3276 quae
695 3189 869 3255 successive
891 3189 931 3253 ad
953 3189 1058 3252 littora
1075 3186 1246 3252 Britanniae
1263 3184 1400 3250 Minoris
1416 3196 1449 3249 ct
1463 3186 1548 3249 Nor·

254 3296 389 3359 manniae
400 3297 608 3363 observantur
617 3299 828 3385 continuoque
837 3298 938 3387 magis
950 3298 1158 3375 retardantur,
1171 3295 1317 3361 attentius
1332 3296 1547 3381 inspiciantur.

254 3409 396 3474 Deberet
417 3410 544 3496 quidem
565 3413 683 3498 ubique
700 3412 806 3475 fluxus
828 3410 862 3473 in
884 3410 968 3495 ipsos
991 3410 1093 3475 Lunae
1108 3409 1255 3473 transitus
1268 3430 1325 3492 per
1339 3405 1549 3470 meridianum

253 3514 402 3593 incidere,
425 3516 490 3581 inid
506 3517 694 3605 quandoque
708 3518 751 3581 ob
768 3518 874 3583 Solem
888 3516 1077 3601 praecedere,
1101 3536 1165 3579 non
1180 3514 1281 3579 solum
1297 3514 1401 3577 demtis
1424 3512 1547 3589 inertid,

253 3622 309 3688 sed
324 3624 418 3688 etiam
433 3624 469 3688 esi
484 3624 595 3708 posita,
606 3627 636 3689 si
651 3636 772 3689 tanturn
787 3648 877 3711 aquae
892 3636 994 3688 motus
1009 3623 1163 3689 verticalis
1179 3636 1351 3709 spectetu‘r3
1366 3634 1399 3686 at
1413 3621 1440 3685 si
1454 3620 1549 3687 etiam

254 3728 359 3795 motas
379 3730 581 3796 hosanna
601 3732 867 3810 rationabatur,
891 3746 958 3797 tum
973 3732 1108 3799 dauniae
1126 3732 1318 3798 ostendimus
1332 3714 1455 3795 fluxim
1476 3753 1551 3817 per.

253 3839 349 3924 petub
363 3841 526 3919 retardari,
549 3866 587 3907 ac
601 3842 728 3907 demum
741 3857 815 3929 post
830 3841 932 3907 Lunae
947 3844 1113 3909 transitum
1127 3864 1186 3930 per
1198 3844 1410 3908 meridianum
1424 3840 1552 3905 evenire

254 3948 378 4013 debere.
424 3949 566 4034 Tempus
580 3951 707 4037 quidem
722 3952 815 4036 hujus
830 3950 1059 4030 retardationis,
1076 3950 1148 4016 cum
1162 3953 1202 4017 sit
1216 3950 1385 4016 admodum
1400 3948 1552 4013 variabile

254 4058 459 4147 pluribusque
474 4061 716 4129 circumstantiis
730 4062 914 4146 subjectum,
938 4084 1003 4125 non
1018 4062 1225 4139 definivimus,
1248 4060 1374 4125 interim
1388 4070 1494 4123 tamen
1516 4056 1552 4119 id

216 4187 218 4191 “
254 4184 296 4229 ex
310 4171 334 4247 l.
350 4174 402 4232 82.
418 4166 525 4255 colligi
538 4168 665 4251 poterit,
682 4168 807 4232 remotis
822 4168 971 4233 externis*
982 4166 1230 4253 impedimentis:
1253 4167 1423 4232 cumcuim
1438 4166 1552 4227 inven-

255 4272 371 4337 erimus
399 4298 513 4361 oquam
541 4274 671 4361 proprisi
702 4276 733 4339 vi
759 4274 921 4363 gravitatis
945 4296 1013 4339 sese
1030 4275 1071 4339 ‘in
1095 4274 1189 4340 situm
1212 4273 1379 4361 aequilibrii
1407 4273 1549 4357 recipere

256 4438 398 4508 tempore
413 4394 455 4551 ig
470 4426 630 4505 horarum,
646 4449 683 4490 ac
697 4449 864 4491 numerum
879 4448 900 4490 n
916 4448 983 4493 esse
998 4426 1121 4492 circiter
1136 4434 1155 4493 ⁵
1169 4425 1220 4490 vel
1236 4434 1267 4504 6,
1291 4421 1487 4489 manifestum
1503 4434 1552 4486 est

256 4608 345 4659 tanto
366 4596 460 4660 etiam
481 4609 624 4684 temporo
645 4620 725 4686 opus
748 4624 824 4678 esse,
847 4624 911 4687 quo
933 4624 1014 4687 aqua
1036 4623 1108 4665 eum
1130 4600 1223 4665 situm
1238 4622 1331 4686 quem
1345 4600 1427 4663 vires
1448 4599 1553 4663 inten-

257 4703 348 4782 dunt,
371 4706 492 4785 induat,
516 4730 556 4771 ex
572 4731 635 4793 quo
648 4708 754 4773 fluxus
770 4710 893 4774 circiter
907 4719 927 4774 2
943 4710 1036 4775 horas
1051 4709 1100 4773 vel
1122 4714 1162 4791 ἦ
1185 4708 1279 4773 horas
1300 4720 1372 4795 post
1387 4708 1554 4771 transitum
