3384 5459
155 456 459 537 Lucumone]
506 458 746 527 PRINCIPIA
771 462 1141 531 MATHEMATICA.
1388 480 1429 535 23

153 650 245 693 mune
266 630 427 717 gravitatis
443 642 585 695 centrum
607 632 821 717 revolyantur:
845 649 990 699 manente
1010 637 1081 725 lege
1101 640 1270 725 gravitatis,
1285 641 1431 707 distantia

153 748 330 801 centrorum
345 736 447 801 Lun‘ae
461 760 498 801 ac
514 737 624 800 Terrae
638 738 678 801 ab
693 738 824 804 invicem
844 743 904 804 erit
925 747 988 823 603
1004 744 1302 811 semidiametrorum
1318 762 1430 813 terres·

152 846 246 909 trium
268 844 406 921 circiter3
432 848 480 908 uti
505 845 766 928 computationem
789 847 908 913 ineunti
930 850 1057 933 patebit.
1103 852 1303 936 computatio
1324 868 1429 920 autem

153 960 224 1025 iniri
237 971 341 1045 potest
354 982 411 1045 per
427 958 522 1043 Prop.
540 958 615 1023 LX.
632 958 703 1023 Lib.
720 959 747 1025 1.

709 1216 864 1281 Scholiam.

192 1433 430 1499 Demonstratio
444 1426 669 1517 Propositio'nis
684 1432 728 1497 aic
742 1432 839 1497 fusius
855 1432 1003 1516 explicari
1017 1444 1130 1518 potest.
1161 1432 1196 1499 si
1210 1433 1311 1499 Lunae
1324 1434 1429 1519 plures

152 1540 267 1602 circum
292 1540 423 1602 Terram
450 1539 691 1617 revolverentur,
718 1539 849 1623 perinde
875 1553 911 1602 ut
936 1540 973 1602 fit
993 1540 1026 1601 in
1047 1552 1213 1624 systemate
1235 1540 1361 1603 Saturni
1379 1538 1430 1603 vel

150 1646 254 1721 Jovis3
276 1645 388 1709 harum
411 1658 552 1728 tempora
572 1644 732 1728 periodica
754 1649 823 1729 (per
838 1657 1056 1731 argumentum
1069 1644 1269 1725 inductionis)
1286 1645 1429 1709 observa·

151 1766 219 1817 rent
243 1754 346 1839 legem
369 1752 564 1837 planetarum
589 1777 608 1818 a
633 1752 773 1837 Keplero
795 1752 957 1829 detectam,
980 1768 1013 1817 et
1033 1767 1199 1837 propterea
1219 1753 1331 1817 harum
1349 1754 1430 1817 vires

152 1861 329 1945 centripetae
345 1858 447 1922 lorent
459 1858 617 1943 reciproce
633 1872 668 1922 ut
682 1859 833 1945 quadrato
847 1860 1063 1923 distantiarum
1078 1884 1097 1923 a
1111 1873 1219 1923 centro
1236 1860 1356 1938 Terrae,
1372 1882 1431 1943 per

153 1967 247 2051 Prop.
263 1964 291 2029 I.
305 1966 407 2049 hujus.
452 1964 496 2028 Et
513 1965 539 2027 si
560 1987 667 2029 earum
678 1964 790 2027 'infima
805 1978 886 2029 esset
899 1988 1006 2049 parva,
1023 1980 1055 2030 et
1067 1966 1198 2029 vertices
1212 1964 1432 2029 altissimorum

151 2074 304 2136 montium
324 2093 423 2157 prope
444 2084 602 2158 tangeret:
625 2071 718 2155 hujus
740 2072 786 2133 vis
809 2072 981 2154 centripeta
1002 2070 1062 2156 quir
1085 2072 1269 2134 retineretur
1290 2071 1323 2133 in
1346 2072 1430 2149 orbe,

151 2180 317 2267 gravitates
340 2202 507 2264 corporum
529 2181 563 2242 in
584 2180 749 2245 verticibus
770 2178 896 2242 illorum
918 2182 1070 2243 montium
1087 2184 1157 2264 (per
1171 2181 1434 2265 computationem

151 2288 394 2372 praecedentem)
418 2300 555 2373 aequaret
578 2286 825 2372 quamproxime,
851 2286 1046 2373 efficeretque
1071 2302 1106 2350 ut
1130 2288 1239 2351 eadem
1267 2287 1383 2364 lunula,
1407 2287 1434 2350 si

152 2408 240 2459 motu
266 2394 352 2457 omni
377 2416 439 2478 quo
463 2393 568 2479 pergit
592 2394 625 2455 in
652 2392 727 2456 orbe
751 2414 808 2456 suo
828 2394 1014 2477 privaretur,
1037 2393 1159 2461 defectu
1181 2396 1226 2456 vis
1253 2394 1434 2479 centrisugae

153 2502 211 2587 qui
227 2502 260 2563 in
277 2501 352 2564 orbe
366 2513 588 2587 permanserat,
601 2498 803 2563 descenderet
814 2500 846 2563 in
858 2500 1001 2578 Terram,
1013 2500 1107 2586 idque
1118 2501 1227 2565 eidem
1238 2524 1311 2565 cum
1321 2501 1435 2573 reloci-

153 2622 216 2672 tate
238 2608 300 2694 qui
322 2608 429 2694 gravia
443 2607 559 2671 cadunt
581 2607 614 2669 in
635 2606 760 2671 illorum
774 2606 927 2669 montium
943 2608 1117 2686 verticibus,
1133 2622 1260 2692 propter
1275 2608 1434 2693 aequalita-

153 2732 215 2781 tem
240 2696 354 2779 virium
380 2716 491 2801 quibus
517 2713 717 2777 descendunt.
771 2713 814 2777 Et
839 2716 865 2777 si
892 2714 936 2777 vis
960 2714 1015 2777 illa
1040 2714 1100 2799 qud
1126 2715 1234 2779 lunula
1252 2716 1305 2777 illa
1327 2714 1435 2777 infima

154 2825 324 2901 descendit,
348 2823 470 2887 diversa
492 2834 572 2887 esset
593 2845 613 2886 a
632 2822 793 2908 gravitate,
817 2835 849 2886 et
867 2821 975 2885 lunula
995 2822 1048 2887 illa
1070 2824 1163 2887 etiam
1182 2825 1285 2909 gravis
1300 2836 1381 2887 esset
1401 2824 1435 2886 in

155 2933 289 2995 Terram
311 2952 399 2993 more
414 2950 580 3013 corporum
595 2929 627 2990 in
639 2928 804 2991 verticibus
819 2928 982 3005 montium,
1006 2928 1115 2992 eadem
1135 2929 1243 2991 lunula
1258 2930 1289 2992 vi
1303 2927 1435 3015 utrinque

155 3036 319 3123 conjuncti
335 3036 432 3120 duplo
447 3035 583 3098 velocius
598 3033 810 3097 descenderet
858 3033 966 3109 Quare
981 3032 1052 3098 crim
1067 3035 1147 3097 vires
1162 3047 1311 3120 utroeque,
1334 3048 1366 3099 et
1382 3036 1435 3101 hae

158 3169 327 3233 corporum
349 3146 500 3231 gravium,
524 3155 556 3207 et
577 3142 640 3207 illae
662 3142 834 3219 Lunarum,
852 3155 992 3205 centrum
1008 3142 1117 3205 Terrae
1130 3144 1306 3226 respiciant,
1322 3156 1354 3207 et
1374 3146 1435 3210 sint

155 3258 239 3321 inter-
251 3278 284 3319 se
299 3252 412 3319 similes
430 3264 460 3314 et
474 3250 618 3335 aequaleS,
636 3247 755 3312 eaedem
777 3253 846 3331 (per
864 3248 943 3336 Reg.
959 3257 986 3311 1.
998 3260 1030 3312 et
1046 3250 1108 3328 11.)
1131 3249 1261 3313 eandem
1274 3248 1435 3315 habebunt

157 3382 290 3425 causam.
336 3358 379 3421 Et
400 3368 567 3440 propterea
589 3355 635 3419 vis
657 3353 720 3429 illa,
745 3352 805 3437 qui
822 3353 916 3415 Luna
929 3354 1080 3417 retinetur
1093 3356 1127 3415 in
1142 3354 1218 3417 orbe
1232 3375 1299 3431 suo,
1317 3377 1354 3417 ea
1367 3356 1435 3439 ipsa

157 3468 213 3530 erit
235 3484 331 3549 quam
352 3483 409 3524 nos
431 3460 613 3546 gravitatem
634 3458 738 3521 dicere
757 3447 914 3521 solemus:
939 3459 1033 3543 idque
1054 3458 1189 3522 maxime
1211 3482 1251 3524 ne
1272 3459 1379 3525 lunula
1400 3464 1433 3525 iu

156 3572 270 3635 vertice
284 3568 398 3631 montis
413 3564 462 3629 vel
476 3564 625 3651 gravitate
641 3576 752 3643 careat,
769 3562 817 3627 vel
832 3562 929 3647 dupld
943 3566 1078 3629 velocius
1092 3566 1182 3629 cadat
1196 3564 1289 3651 qutim
1304 3588 1434 3651 corpora

156 3682 263 3769 gravia
278 3675 379 3743 solent
392 3673 512 3738 cedere.

157 3862 203 3927 qud
218 3862 289 3911 altius
304 3870 340 3910 eat
355 3860 424 3922 supra
442 3862 537 3909 Terram
553 3867 667 3919 puuctum
679 3857 739 3909 illud
750 3874 778 3908 ex
810 3864 836 3911 in
844 3877 888 3911 suo
895 3858 982 3909 circulo
993 3860 1105 3921 percurrit
1113 3869 1148 3909 est
1157 3861 1199 3908 11⁰
1207 3861 1225 3907 si
1233 3860 1302 3922 juxta
1311 3859 1432 3907 Tellurem

157 3944 203 3989 quo
219 3942 289 3991 grave
305 3926 431 3986 projicitur,
442 3926 471 3974 ed
482 3925 566 3973 minori
577 3938 637 3983 opus
647 3932 681 3969 est
692 3924 715 3971 vi
726 3940 776 3984 pro·
811 3927 906 3976 accedat
916 3936 940 3972 et
950 3924 1033 3972 eidem
1043 3923 1158 3973 celeritate
1172 3935 1298 3981 moveatur,
1315 3924 1354 3971 ille
1365 3938 1432 3970 ocris

154 3992 225 4053 jettr'li
237 4002 264 4039 ut
275 3990 403 4051 projectum
413 3991 439 4036 in
450 3990 565 4050 planetam
576 3996 686 4043 mutetur,
698 3997 721 4035 et
730 3986 778 4051 qud
1347 3992 1376 4037 51

158 4056 271 4101 humilius
286 4064 321 4101 ert
336 4050 365 4100 ed
383 4054 461 4115 majori
474 4052 554 4115 (ibid.)
567 4054 611 4099 boe
621 4062 663 4105 est,
675 4050 779 4098 celeritas
1289 4068 1433 4109 10.000.000

159 4119 255 4192 rafim
267 4118 409 4191 pmjecritegn
424 4112 779 4193 impreaaeminverstutdis·
806 4120 1208 4192 antaradensem
1220 4130 1343 4177 recures
1351 4125 1432 4173 aits.

158 4192 237 4239 ffltffl·
256 4197 279 4228 V·
297 4196 332 4245 ΕΓ·
369 4182 393 4228 3¹
414 4182 484 4229 1⁴⁰¹¹⁸
502 4179 582 4227 ‘fldem
602 4177 716 4225 “lenm
734 4176 781 4239 (Ιυἢ
813 4193 905 4241 uusille
915 4207 994 4239 versus
1003 4192 1089 4251 pedum
1100 4199 1194 4236 eentum
1205 4190 1301 4245 circiter,
1313 4189 1353 4237 sed
1363 4203 1433 4250 grave

159 4262 221 4292 nune
232 4246 257 4291 in
267 4244 342 4292 orbita
350 4244 524 4291 sutrevotvnur
531 4245 600 4305 juxta
612 4241 715 4297 Terram,
726 4256 780 4301 pro-
812 4272 885 4319 12⁰1*
903 4256 999 4303 Tm
1019 4254 1101 4315 viginti
1123 4252 1173 4301 igi,
1192 4254 1307 4313 mmm,
1326 4251 1433 4299 madi,

159 4304 781 4434 mmm
812 4332 1200 4460 ,terren
1213 4320 1433 4451 tn,

159 4436 314 4510 projectilium
325 4436 423 4482 marein
437 4436 534 4509 Terram
544 4433 643 4489 caderet,
657 4441 710 4479 aute
727 4446 781 4477 uam
813 4461 855 4509 ”d
869 4461 940 4524 long!
955 4458 1020 4519 prim
1034 4460 1060 4504 in
1078 4459 1175 4507 Τρωὶ
1188 4457 1391 4522 immmqffi
1401 4464 1433 4505 20

161 4506 172 4528 '
185 4516 225 4560 per
238 4510 328 4547 ternae
345 4510 434 4559 partem
448 4506 532 4544 mruutr
544 4506 603 4544 esset
613 4504 684 4543 mota.
743 4508 782 4541 em
813 4524 916 4575 md·
925 4524 1002 4583 clm
1011 4521 1115 4571 fuim-

159 4580 225 4612 arnis
234 4578 306 4627 quera
318 4563 389 4611 Luna
400 4568 432 4610 20
442 4560 557 4624 scrupulis
567 4558 675 4609 secundis
685 4557 783 4607 nonno

810 4030 854 4077 erit
866 4026 915 4085 11¹3
932 4026 997 4073 sinus
1012 4041 1090 4073 versus
1105 4040 1171 4073 arcus
1187 4024 1224 4073 11'
1236 4033 1271 4071 est
