3384 5459
258 426 334 492 xxvi
657 480 662 499 s
734 426 1070 497 INTRODUCTIO
1285 438 1292 455 ⁸
1379 433 1480 512 [Car.
1497 434 1542 502 11.

260 597 348 662 Hinc
376 595 452 661 nard
481 598 620 684 sequitur
648 598 757 665 sideris
784 601 820 665 in
848 603 963 668 vertice
993 604 1030 682 Z,
1061 604 1219 669 constituti
1249 604 1436 688 parallaxim
1470 630 1541 673 asse

166 762 194 789 .’
237 706 385 783 nullam,
413 706 543 770 eandem
569 728 801 774 ementatum
827 711 973 777 distantii
999 736 1019 777 a
1043 714 1158 779 vertice
1180 714 1267 779 etin
1287 714 1450 782 horizonte
1470 716 1540 781 lieri

258 814 437 877 maximam.
497 794 646 899 Sequitur
670 822 795 903 quoqu&
826 818 913 882 sinus
940 819 1147 903 parallaxium
1172 821 1359 905 inparibus
1384 822 1495 887 sideris
1521 848 1543 889 a

259 932 367 985 centro
391 931 485 983 terrae
505 920 659 986 distantiis
681 944 748 987 esse
768 934 804 989 ut
824 924 911 989 sinus
931 925 1145 991 distantiarum
1169 928 1306 992 visarum
1322 950 1342 992 a
1361 929 1488 1007 vertice,
1509 944 1543 995 et

258 1026 330 1093 idad
344 1026 370 1091 si
384 1027 475 1091 detur
488 1028 654 1111 parallnxia
670 1030 779 1095 sideris
793 1032 827 1095 in
841 1030 944 1119 aliqui
958 1035 1107 1103 avertice
1120 1033 1276 1115 distantii,
1292 1034 1417 1105 dabitur
1430 1036 1465 1103 in
1475 1037 1538 1108 oliti

259 1132 366 1223 quivis
381 1132 526 1198 distantiis
542 1156 561 1199 a
576 1135 699 1203 vertice.

265 3345 270 3354 ’
307 3352 359 3410 Sl.
381 3343 466 3411 Data
493 3345 601 3411 sideris
625 3346 668 3424 Q,
695 3346 847 3432 paralluxi
871 3348 903 3413 A
926 3347 959 3425 Q
980 3344 1022 3425 T,
1046 3355 1118 3413 cum
1139 3348 1256 3436 angulo
1279 3347 1352 3413 ΖΑ
1367 3349 1398 3410 V
1412 3370 1467 3413 seu
1480 3349 1547 3414 dis-

148 3467 159 3479 *
264 3451 359 3516 tantis
386 3466 554 3537 apparente
579 3453 744 3533 avertice,
768 3454 861 3518 datur
882 3455 915 3518 in
939 3454 1175 3518 semidiametris
1199 3466 1292 3518 terroe
1311 3466 1378 3518 tum
1398 3455 1547 3523 distantia
1686 3443 1687 3446 Ἴ

266 3558 300 3635 Q
315 3558 347 3625 T
368 3560 476 3624 sideris
499 3561 533 3637 Q
555 3585 574 3626 a
594 3576 702 3625 oentro
720 3573 823 3639 terrae,
840 3572 908 3625 tum
923 3560 1068 3626 distantia
1078 3562 1144 3646 ejus
1159 3560 1189 3625 A
1206 3559 1240 3637 Q
1255 3558 1357 3625 aloco
1373 3561 1413 3624 A.
1457 3562 1547 3626 Dato
1686 3557 1687 3587 ³

265 3667 348 3730 enim
369 3667 491 3756 angulo¹
509 3668 535 3732 Z
549 3668 581 3732 A
596 3668 630 3746 Q
652 3668 744 3732 datur
765 3666 798 3733 T
812 3668 843 3732 A
860 3667 894 3744 Q
908 3669 1170 3753 complementum
1185 3666 1267 3731 illius
1281 3666 1322 3729 ad
1335 3665 1416 3731 duos
1432 3682 1548 3744 rectas,

263 3772 357 3852 undis,
386 3774 427 3839 ob
453 3773 562 3838 datum
584 3776 676 3839 etiam
702 3774 853 3862 angulum
878 3774 910 3840 A
935 3774 1030 3852 QT,
1051 3772 1166 3838 dantur
1187 3785 1251 3837 tres
1273 3772 1380 3861 anguli
1400 3772 1549 3862 trianguli

267 3879 403 3983 QAT,
425 3880 596 3967 exquibus
615 3881 708 3945 datur
730 3880 810 3945 ratio
831 3880 965 3945 laterum
989 3882 1071 3945 inter
1092 3902 1135 3944 sa
1181 3880 1270 3945 Hinc
1292 3880 1365 3945 data
1387 3880 1497 3944 sideris
1520 3882 1551 3947 P

265 3987 417 4072 parallaxi
431 3988 625 4067 horizontali‚
642 3990 669 4054 si
682 3989 832 4054 inferatur
847 4002 882 4055 ut
896 3981 983 4055 sinus
997 3990 1191 4075 parallaxaos
1206 3990 1247 4053 ad
1262 3992 1364 4053 sinum
1378 4004 1488 4068 totum,
1505 3990 1549 4056 iat
1686 3977 1687 3988 ἵ

264 4094 491 4164 semidiametar
505 4098 624 4163 telluris
639 4098 671 4163 A
687 4098 719 4163 T
733 4098 774 4163 ad
787 4112 934 4185 quartum
948 4099 1140 4170 obtinebitur
1153 4099 1301 4164 distantia
1316 4100 1344 4165 P
1359 4101 1391 4164 T
1405 4100 1514 4165 sideris
1529 4125 1549 4166 a
1686 4101 1687 4142 l

265 4220 374 4269 centro
389 4216 480 4269 terrae
495 4206 536 4270 ob
552 4207 702 4295 angulum
718 4204 749 4271 T
764 4207 794 4270 A
811 4207 838 4271 P
853 4221 983 4274 resumi.

311 4323 362 4380 32.
387 4314 480 4381 Sinus
502 4316 702 4400 parallaxeon
724 4316 863 4381 siderum
885 4316 918 4394 Q
940 4330 971 4382 et
993 4342 1016 4405 q
1034 4320 1067 4383 in
1089 4318 1261 4406 aequalibus
1281 4317 1434 4382 distantiis
1456 4339 1552 4402 appa·
1686 4371 1687 4376 ,

265 4419 407 4486 rentibus
428 4445 448 4487 a
467 4423 594 4500 vertice,
616 4426 736 4489 suntin
751 4424 873 4489 ratione
887 4425 1050 4510 reciproci
1066 4426 1282 4490 distantiarum
1296 4426 1433 4491 siderum
1447 4448 1466 4489 a
1480 4447 1553 4489 cen-

267 4540 318 4593 tro
332 4542 433 4595 terrae.
478 4528 604 4594 Etenim
620 4544 655 4595 ut
670 4533 755 4597 sinus
770 4532 966 4618 parallaxeos
982 4534 1013 4596 A
1028 4533 1062 4609 Q
1077 4533 1118 4611 T,
1134 4532 1175 4597 ad
1190 4532 1292 4595 sinum
1308 4532 1415 4619 anffrli
1432 4530 1554 4609 ZAV,

268 4638 313 4705 ita
334 4634 706 4713 cstATadQTet
728 4648 763 4702 ut
784 4639 870 4705 sinus
891 4638 1149 4727 anguliZAV,
1174 4636 1557 4724 adsinumparallaxeos
1686 4695 1687 4700 ,
