3384 5459
460 1026 744 1106 anmoins
778 1026 1089 1141 Monimou.

140 1338 409 1445 [mannitus
434 1374 585 1460 quosdam
609 1374 745 1462 maligne
770 1374 967 1459 interpretari
995 1372 1118 1436 notulas
1147 1393 1223 1456 quas
1252 1371 1420 1456 adjecimus

142 1478 384 1543 Commentariis
408 1480 435 1543 P
451 1480 487 1544 P.
505 1482 552 1545 Le
577 1482 656 1545 seur
669 1494 700 1545 et
714 1482 870 1566 Jacquier,
895 1480 983 1566 quasi
997 1479 1110 1562 saepius
1125 1476 1270 1542 Newtoni
1284 1491 1420 1543 mentem

139 1606 204 1649 uon
226 1586 418 1673 attigissent3
440 1610 480 1650 ne
500 1598 603 1651 autem
617 1589 692 1672 ipsis
707 1588 782 1651 vitio
797 1600 935 1650 vertatur
949 1585 1034 1671 quod
1048 1597 1267 1649 concesserunt
1280 1585 1322 1648 ob
1336 1587 1419 1669 ipso-

140 1716 209 1755 rum
234 1695 407 1757 absentiam
429 1696 470 1759 ab
495 1696 571 1759 urbe
595 1696 628 1758 in
651 1694 711 1780 quai
737 1696 816 1759 liber
841 1695 1000 1771 edebatur,
1025 1705 1061 1757 ut
1080 1716 1193 1777 nempe
1215 1716 1420 1780 quoecumque

140 1799 321 1863 uiderentur
342 1800 536 1887 corrigenda,
560 1802 599 1865 ab
616 1800 745 1865 Editore
760 1801 828 1884 ipso
842 1811 1046 1875 mutarentur,
1063 1800 1127 1862 sive
1140 1800 1221 1863 levia
1235 1800 1298 1862 sive
1313 1800 1421 1885 gravia

140 1902 250 1981 forent,
268 1904 458 1968 monendum
472 1919 560 1989 puto,
582 1928 633 1969 me
650 1906 805 1969 Anterum
819 1906 1018 1993 deligentium
1032 1916 1065 1969 et
1078 1905 1252 1969 doctrinam
1266 1927 1420 1993 nusquam

141 2010 342 2089 desiderasse,
367 2014 572 2078 correctiones
595 2038 670 2099 quas
685 2014 744 2078 feci
757 2015 905 2079 levissimi
919 2039 985 2079 esse
1004 2016 1164 2091 momenti,
1188 2038 1247 2079 nec
1262 2038 1329 2079 esse
1342 2015 1419 2078 tales

29 2158 31 2171 »
140 2130 173 2179 ut
193 2130 324 2200 propter
344 2118 425 2201 ipsas
441 2120 611 2206 quidquam
626 2144 666 2183 ex
680 2120 783 2184 debita
800 2122 972 2187 Antoribus
986 2122 1085 2209 gloria
1101 2122 1227 2185 tollatur
1243 2122 1327 2207 quod
1340 2142 1420 2187 meae

141 2225 251 2307 opelloe
277 2226 441 2303 tribuatur,
469 2240 500 2291 et
525 2229 671 2292 asterisco
696 2242 817 2293 notatas
841 2228 944 2306 fuisse,
970 2252 1035 2292 nou
1064 2230 1150 2315 quod
1174 2230 1292 2314 aliquid
1319 2230 1420 2293 laudis

29 2420 30 2429 ἵ
142 2337 254 2401 exinde
277 2340 474 2421 speraverim,
497 2340 552 2403 sed
567 2340 639 2425 quia
653 2341 680 2403 si
694 2340 757 2404 illic
772 2340 889 2426 aliquid
906 2340 973 2403 vitii
991 2341 1160 2424 irrepserit,
1185 2362 1309 2427 aequum
1325 2352 1421 2405 estut

142 2446 173 2507 in
188 2446 363 2523 Editorem,
389 2470 453 2511 non
466 2449 500 2511 in
515 2449 651 2512 Antores
667 2472 703 2513 ea
718 2449 811 2533 culpa
824 2448 1046 2524 transforatum
1069 2471 1109 2511 ne
1131 2448 1282 2513 sirniiibus
1297 2447 1420 2512 cavilla·

143 2550 277 2615 tionibus
292 2551 414 2615 occasio
427 2552 460 2615 in
473 2566 632 2637 posterum
652 2554 752 2630 detur,
768 2553 845 2617 tales
861 2553 1067 2617 distinctionis
1081 2553 1198 2617 uotulae
1213 2575 1277 2615 non
1292 2552 1420 2617 adbibe-

142 2656 258 2721 buntur
274 2658 307 2719 in
322 2658 456 2723 secundi
471 2658 563 2743 hujus
574 2658 751 2723 Voluminis
764 2670 864 2742 parte,
880 2659 913 2719 in
925 2658 1162 2743 qud-speramus
1177 2658 1310 2720 calculos
1323 2658 1420 2720 Νενι-

143 2788 309 2832 murarios
330 2768 413 2832 circa
439 2768 564 2835 Lunam
587 2769 784 2853 potissimum
805 2768 881 2833 satis
900 2767 1070 2845 intricatos,
1100 2766 1134 2829 iu
1154 2778 1294 2853 apertam
1318 2766 1420 2831 lucem

144 2874 321 2959 expositum
334 2872 382 2936 iri.
