3384 5459
320 493 324 501 .
451 425 644 497 FLUXUS
665 424 728 494 Ac
752 422 1007 491 REFLUXUS
1030 422 1190 491 MARJS.
1399 434 1472 493 ‘261'

176 602 282 674 Terre
304 624 360 668 sen
382 612 528 669 centrum
553 597 747 675 sollicitatur,
773 607 806 663 et
830 593 1005 673 conuniae,
1031 594 1092 661 hoc
1113 596 1184 681 ipso
1210 594 1321 663 Terroe
1343 610 1463 665 motum

174 712 382 779 curvilineum
402 723 436 777 et
455 707 685 798 iumqunbilem,
707 706 826 792 quippe
845 705 901 791 qui
925 704 966 769 sb
990 704 1101 777 iisdem
1123 704 1240 770 viribus
1261 706 1370 785 oritur,
1397 706 1464 773 sdi-

174 844 306 887 memus
351 822 462 899 Quare
485 821 514 885 si
537 821 666 905 insuper
686 818 745 882 toti
767 817 879 882 Terrae
900 829 1021 881 motum
1042 816 1194 903 oeqrmlern
1217 829 1250 884 et
1271 819 1463 884 contrarium

173 929 231 1008 illi,
247 950 311 1015 quo
324 940 397 993 ectu
410 928 520 1005 sertin,
540 926 727 1009 impressum
740 923 962 1009 concipiemus,
985 923 1195 989 obtinebimus
1217 937 1314 991 tutem
1329 925 1463 991 Terram

172 1036 395 1123 quiescentem,
417 1047 512 1121 etque
536 1032 631 1097 etism
652 1052 739 1095 nnnc
761 1042 868 1117 portes
892 1030 1025 1117 perinde
1050 1032 1252 1120 agitabuntur
1276 1048 1309 1101 et
1328 1036 1409 1099 inter
1429 1056 1463 1099 se

173 1141 463 1223 commovebunnrr,
484 1160 523 1203 sc
542 1140 570 1203 si
588 1138 691 1203 nrdlss
711 1137 887 1203 istiusmodi
908 1138 1095 1206 mutationes
1115 1140 1334 1209 intulissemus.
1381 1142 1462 1219 Qui-

86 1273 90 1281 ·
173 1250 255 1347 libet
266 1262 371 1318 mren
384 1248 475 1315 facile
495 1248 658 1334 percipiet,
678 1258 831 1333 quonum
853 1268 893 1311 ex
913 1246 975 1311 bric
995 1249 1177 1317 reductione
1191 1250 1364 1317 subsidium
1378 1274 1461 1317 esse-

172 1378 326 1444 qemun
345 1355 447 1421 multi
467 1355 552 1420 enim
571 1353 693 1419 fseilius
712 1353 775 1418 erit
793 1352 992 1444 mutetiones,
1016 1378 1087 1441 quse
1107 1356 1142 1421 in
1166 1356 1235 1443 ipsi
1257 1356 1358 1423 Terri
1379 1359 1461 1423 ecci-

176 1466 267 1543 dunt,
290 1465 454 1550 percipere
473 1474 567 1549 etque
588 1461 755 1547 explicere,
776 1460 805 1525 si
824 1472 967 1527 centrum
989 1461 1100 1531 Terrae
1121 1464 1327 1533 constitustm
1351 1465 1461 1532 immo
1515 1495 1517 1499 ·

169 1583 251 1649 mm,
274 1569 368 1657 quim
390 1569 417 1633 si
438 1568 541 1633 totalis
561 1578 665 1632 motus
688 1566 883 1655 singularum
907 1565 1043 1653 pardum
1064 1568 1201 1635 motibus
1222 1582 1304 1635 esset
1323 1573 1462 1656 permix-

173 1691 237 1744 tus
282 1677 379 1741 Hanc
399 1675 442 1741 ob
463 1696 531 1739 rem
551 1674 611 1739 iste
624 1672 809 1739 reductione
821 1672 884 1759 qud
899 1685 1041 1737 centrum
1056 1674 1167 1743 Teme
1181 1677 1214 1740 in
1229 1677 1364 1763 quietem
1378 1678 1461 1743 redi.

169 1786 268 1873 gitur,
290 1780 445 1869 perpetui
465 1794 600 1859 utemur,
622 1777 686 1869 qub
708 1778 917 1864 pboenomene
938 1778 1031 1845 estus
1045 1782 1150 1861 meris,
1172 1786 1279 1869 prouti
1303 1785 1337 1849 in
1359 1784 1461 1850 Terri

169 1895 303 1961 immoti
318 1895 428 1959 sentiri
441 1892 566 1968 debent,
582 1890 752 1967 eliciamus,
766 1888 884 1977 quippe
897 1889 953 1975 qui
966 1902 1015 1955 est
1028 1910 1117 1957 cesus
1130 1894 1291 1973 naturalis,
1312 1894 1354 1959 sd
1368 1918 1462 1982 quem

171 2026 283 2069 omnes
305 2000 539 2067 observationes
557 2010 632 2064 sunt
651 1995 905 2073 recommudetoe,
927 2018 1037 2063 omnes
1052 1997 1127 2066 verb
1140 1999 1272 2065 theorire
1285 2024 1461 2070 accommo-

169 2114 242 2179 dori
260 2111 386 2175 debent.

214 2228 241 2303 l.
257 2228 309 2284 24.
332 2216 538 2302 concipietur
557 2236 642 2282 nunc
656 2210 759 2279 Terre
772 2223 839 2278 tote
860 2224 1009 2299 tunquam
1027 2213 1140 2301 globus
1163 2218 1194 2281 A
1209 2218 1243 2283 D
1260 2216 1334 2283 ΒΕ
1356 2218 1461 2307 urgeri

173 2328 217 2393 nd
240 2327 346 2393 Solem
368 2326 533 2391 Lunemve
548 2325 584 2387 in
604 2322 838 2401 Sexistentem,
860 2324 947 2409 eujus
962 2322 1009 2387 vis
1022 2322 1166 2393 ebsclutu
1180 2350 1235 2393 seu
1249 2350 1297 2407 ee,
1319 2350 1414 2414 quern
1427 2330 1462 2395 in

169 2434 318 2501 distentii
338 2457 358 2499 s
376 2446 485 2500 centro
508 2454 567 2498 suc
590 2431 615 2497 S
634 2430 878 2495 semi-dismetro
898 2430 1010 2497 Tene

170 2547 285 2633 oequnli
315 2546 425 2622 exerit,
455 2546 549 2613 sit:
574 2542 609 2620 S,
638 2542 787 2607 munna
813 2540 893 2629 verd-
916 2542 1015 2605 centri

172 2656 285 2721 Terroe
308 2655 337 2718 C
357 2652 399 2721 ob
420 2654 445 2718 S
466 2672 522 2717 scu
545 2651 769 2735 CSponetur
784 2674 816 2709 =
834 2670 873 2724 ας
895 2648 1014 2734 eritque

171 2764 220 2828 vis
241 2757 538 2845 acceleratum-qui
559 2770 626 2823 tou
647 2757 751 2823 Terre
767 2768 916 2843 tunquam
937 2756 1015 2821 inc

956 2864 981 2927 S
1100 2907 1103 2917 .

171 2918 303 2983 collecte
317 2913 532 2981 sollicitabitur
546 2912 580 2975 in
594 2908 764 2975 directione
783 2908 857 2987 CS,
878 2934 910 2968 =
932 2948 1011 3027 H.

173 3082 434 3169 Contemplemur
455 3079 524 3165 jero
551 3077 738 3164 porticulum
762 3075 873 3140 Terrrc
902 3094 1012 3159 quem-

172 3214 297 3279 cunque
320 3190 361 3257 M
385 3190 475 3274 cnjns
500 3187 578 3251 situs
599 3187 644 3251 ito
667 3186 708 3250 sit
731 3184 889 3262 definitus,
914 3196 950 3247 ut
974 3182 1014 3249 sit

102 3289 110 3302 ’
173 3296 487 3369 CP==xetPM
507 3295 757 3382 =y‚existente
779 3290 1014 3357 MPnormsli
1070 3334 1100 3381 1>

175 3415 218 3478 od
234 3415 318 3489 CS3
339 3409 524 3497 hincigitur
537 3406 702 3470 habebitur
717 3404 742 3469 S
757 3404 786 3468 P
803 3432 838 3457 =
857 3422 970 3465 s-x
984 3413 1016 3465 et

173 3524 302 3595 SM==
326 3526 358 3589 ἡ]
377 3518 609 3609 ((e—x)²÷
627 3517 698 3606 γ’).
743 3519 800 3583 vis
817 3517 913 3605 igitur
929 3536 1015 3581 occe-

172 3626 1018 3723 lerstrix,quipsrticulanersdsSpclletur,erit=
1185 3676 1217 3719 N

174 3832 445 3935 (a
223 3886 266 3898 -
280 3749 320 3929 ¹5
353 3850 420 3934 ἡ]
451 3813 461 3865 ;
484 3786 579 3874 equi
600 3784 673 3851 cdm
694 3784 810 3850 suferri
831 3785 945 3850 debeat
956 3783 1013 3861 vis,

174 3956 238 4045 que
258 3968 323 4021 tote
344 3954 447 4022 Terra
468 3951 575 4020 verule
600 3952 623 4019 S
643 3951 763 4032 nititur,
785 3951 991 4038 concipienda
1005 3958 1053 4014 est
1072 3940 1235 4033 particule
1253 3936 1294 4005 M
1309 3936 1463 4023 applicata

172 4112 221 4177 uis
238 4142 274 4169 =
295 4067 360 4234 ἐ·
381 4112 415 4177 in
430 4109 600 4177 directione
623 4108 664 4174 M
680 4108 712 4172 N
733 4108 793 4193 ipsi
816 4106 844 4173 C
862 4109 885 4174 S
906 4103 1055 4192 parallelo
1069 4112 1102 4167 et
1116 4096 1275 4185 opposits3
1298 4115 1370 4181 quae
1391 4092 1462 4157 dunc

173 4281 257 4348 vires
277 4278 463 4368 perticulam
486 4280 529 4346 M
550 4278 640 4368 sque
661 4277 797 4345 efficient
817 4286 856 4373 sc'
876 4275 903 4339 si
923 4274 1067 4339 universe
1090 4268 1193 4334 Terre
1216 4265 1390 4352 quiesceret
1413 4260 1464 4324 uel

173 4387 374 4453 uniformiter
388 4387 420 4450 in
435 4386 589 4451 directum
602 4394 790 4461 moveretur,
806 4382 861 4469 qui
874 4400 964 4445 cesus
978 4380 1019 4444 eb
1032 4377 1088 4441 illo
1100 4396 1165 4439 non
1179 4371 1294 4437 differt.
1340 4370 1394 4435 Ex
1413 4366 1462 4433 his

120 4544 125 4551 ·
173 4498 273 4584 igitur
293 4498 444 4560 ambabus
464 4495 584 4561 viribus
605 4504 736 4557 coneum
756 4492 939 4567 innotescet,
963 4508 1026 4573 quo
1046 4482 1200 4571 partiens
1222 4480 1262 4546 M
1283 4502 1303 4545 s
1323 4478 1354 4541 ui
1375 4476 1417 4541 ed
1439 4476 1462 4539 S

172 4604 298 4671 directe
310 4604 436 4669 deloco
450 4626 508 4669 suo
522 4602 668 4670 recedere
683 4600 859 4665 ennitetur:
882 4598 923 4663 sd
941 4599 1044 4681 ipsum
1058 4604 1162 4659 eutem
1176 4606 1297 4657 motum
1311 4584 1463 4651 definien-

175 4718 259 4783 dmn
272 4717 401 4801 insuper
414 4716 461 4781 vis
475 4714 635 4804 gravitatis
649 4714 709 4779 erit
723 4708 933 4798 respicienda:
957 4719 989 4773 et
1003 4706 1077 4794 quin
1089 4704 1159 4771 haec
1173 4698 1324 4789 particula
1337 4714 1402 4759 non
1416 4704 1463 4755 est
