3384 5459
236 401 298 457 814
489 392 754 468 INQUISITIO
777 396 982 464 PHYSICA
1005 400 1056 465 IN
1082 400 1275 467 cnUsnM

232 579 284 631 tnr
296 596 331 623 =
346 588 378 641 x,
396 568 519 631 cosinns
533 596 569 623 =
583 590 613 653 y,
636 590 674 636 ac
697 573 839 637 celeritas
865 596 958 660 qnam
973 597 1054 661 aqua
1068 575 1101 637 in
1117 574 1157 639 M
1177 575 1282 653 habet,
1304 576 1413 643 ver'sns
1432 600 1517 648 occa·

233 701 302 743 sum
323 706 357 734 a:
380 677 475 740 uerit
496 676 555 742 dn
578 693 613 743 ut
635 690 693 744 ‘lx
706 704 736 767 y.
784 680 866 747 Cdm
888 694 991 747 autem
1014 683 1201 753 elementum
1214 684 1307 750 arcias
1322 688 1353 750 A
1369 686 1409 751 M
1431 690 1471 753 sit
1484 703 1518 753 ut

232 789 318 978 {8³3
340 851 414 892 narn
435 828 570 914 figuram
591 830 689 893 instar
710 830 818 895 circuli
839 830 1031 900 considerari
1049 830 1139 901 licet:
1163 834 1221 897 erit
1242 834 1265 901 d
1281 858 1302 899 u
1321 847 1357 899 ut
1374 842 1394 900 2
1409 858 1433 901 x
1446 835 1468 903 d
1482 858 1515 912 x,

235 1009 329 1084 atque
352 1024 374 1064 n
400 1002 635 1086 proportionale
664 1003 724 1067 erit
752 1004 812 1088 ipsi

234 1112 254 1167 2
268 1128 292 1168 x
305 1128 329 1169 x
339 1144 382 1157 -
395 1113 409 1171 1
429 1110 581 1193 ejusmodi
600 1110 719 1196 adjecta
733 1132 809 1175 con·

233 1222 343 1289 stante,
360 1227 397 1277 ut
409 1214 463 1277 ubi
476 1214 558 1279 Mm
568 1218 807 1295 estmaximutn,

232 1317 276 1381 ibi
291 1318 432 1384 celeritas
447 1334 619 1385 evanescat.
657 1324 753 1388 Hanc
766 1324 809 1387 ob

234 1445 300 1487 rem
324 1426 388 1489 erit¹
410 1426 551 1490 celeritas
576 1428 609 1489 in
634 1426 704 1491 loco
729 1450 809 1513 quo·

231 1554 357 1619 cunque
385 1534 434 1611 M,
465 1558 559 1621 quam
588 1559 670 1624 aqua
697 1536 809 1602 vereris

232 1626 426 1707 occidentem
448 1645 584 1721 habebit,
610 1646 657 1709 nti
682 1647 807 1711 coainus
916 1701 923 1732 f

234 1751 324 1836 dupli
345 1752 451 1839 anguli
478 1753 517 1817 M
534 1754 562 1816 C
578 1755 619 1818 A.
665 1754 809 1819 Maxima

114 1908 117 1913 .
216 1941 218 1944 v
232 1861 329 1947 igitur
342 1850 434 1948 aquae
447 1861 588 1926 celeritas
602 1862 710 1928 versus
724 1864 806 1928 occi·

231 1967 357 2031 dentem
372 1970 432 2032 erit
445 1970 477 2031 in
492 1970 529 2032 iis
544 1969 630 2046 locis,
646 1970 679 2031 in
694 1970 807 2056 quibus

231 2098 316 2161 aqna
333 2076 479 2139 maxime
491 2090 539 2141 est
560 2076 696 2155 elevata
719 2078 808 2141 huic·

233 2204 295 2270 qne
309 2184 460 2252 celeritati
471 2184 599 2269 aequalis
614 2196 661 2248 est
675 2207 722 2261 ea,
745 2185 806 2271 qui

232 2312 313 2376 aqna
327 2292 360 2353 in
374 2292 456 2382 locis
466 2291 520 2354 ubi
541 2290 676 2355 maxime
691 2306 739 2357 est
751 2292 808 2355 de-
851 2272 879 2326 ⁰¹

231 2424 349 2487 pressa,
362 2400 469 2467 versus
480 2402 631 2466 orientem
642 2422 808 2487 promove·

167 2565 170 2571 ,
234 2521 304 2585 tur3
337 2508 363 2571 si
389 2508 516 2594 quidem
542 2507 611 2571 haec
633 2509 668 2571 in
689 2508 808 2572 circulo

232 2617 302 2681 fieri
317 2617 537 2701 concipiamus,
552 2638 626 2681 nam
641 2617 675 2679 in
685 2617 809 2703 sphaera

229 2738 332 2788 motus
358 2725 551 2810 aliquantum
572 2725 712 2789 diversus
737 2726 806 2802 erit,

229 2830 286 2893 sed
310 2843 415 2894 tamen
436 2830 511 2893 hinc
530 2830 662 2916 intelligi
683 2830 806 2914 poterit.
853 2818 899 2896 A't
918 2828 951 2892 in
973 2828 1049 2895 locis
1070 2850 1142 2916 qnae
1163 2831 1203 2895 ab
1225 2832 1302 2898 Aet
1317 2832 1345 2899 B
1362 2841 1405 2899 4⁵
1426 2833 1517 2921 grad.

231 2939 358 3015 distant,
374 2940 417 3002 ob
431 2940 574 3003 cosinum
588 2939 677 3024 dupli
693 2939 799 3026 anguli
819 2964 855 2997 =
878 2950 910 3015 0,
933 2960 1014 3024 aqua
1027 2938 1157 3013 omnino
1169 2939 1289 3004 nullum
1308 2940 1436 3006 habebit
1449 2964 1518 3007 mo-

228 3061 296 3111 tum
316 3046 552 3112 horizontalem.
598 3049 649 3112 Ex
670 3050 719 3111 his
741 3050 838 3135 iffi‘tur
858 3069 924 3111 non
945 3048 1046 3111 solum
1067 3060 1170 3112 motus
1191 3070 1281 3135 aquae
1300 3050 1516 3135 progressivae

228 3154 440 3239 cognoscitur,
470 3176 534 3239 quo
563 3153 682 3217 alterna
711 3154 843 3217 elevatio
873 3175 909 3217 ac
932 3152 1091 3236 depressio
1119 3154 1310 3237 producitur,
1338 3155 1394 3219 sed
1423 3156 1517 3220 etiam

227 3259 403 3325 luculenter
422 3260 684 3345 perturbationes,
708 3282 779 3346 quae
800 3284 820 3323 a
841 3260 960 3337 Terris,
984 3260 1147 3323 littoribus·
1161 3274 1253 3346 atquc
1267 3263 1360 3325 etiam
1382 3284 1403 3324 a
1420 3261 1517 3327 fundo

226 3374 322 3435 maris
335 3372 491 3457 proficisci
505 3385 644 3456 possunt,
661 3372 903 3457 perspiciantur.
942 3370 1089 3433 Ceterum
1104 3392 1280 3455 quanquam
1295 3371 1393 3435 sectio
1407 3386 1515 3435 nostin

227 3479 323 3562 plana
345 3480 424 3544 AD
442 3478 516 3543 BE
538 3492 729 3564 aequatorem
750 3478 852 3542 solum
877 3477 1026 3543 denotare
1051 3476 1182 3553 videmr,
1209 3488 1312 3539 tamen
1338 3476 1449 3541 eadem
1473 3478 1515 3541 ad

226 3590 411 3674 parallelum
438 3590 576 3675 quemvis
626 3588 865 3676 significandum
903 3586 977 3650 satis
1012 3584 1174 3649 commode
1209 3584 1351 3649 adhiberi
1391 3600 1513 3669 potest:

227 3696 303 3783 quin
324 3698 418 3759 etiam
439 3708 543 3760 motus
564 3718 624 3780 pro
646 3696 769 3780 sphaera
791 3696 866 3758 hinc
881 3695 953 3759 satis
968 3676 1111 3757 distineia
1130 3692 1234 3779 colligi
1255 3692 1380 3776 poterit,
1406 3715 1512 3777 operae

226 3806 310 3868 enim
331 3806 467 3889 pretinm
488 3826 553 3867 non
573 3805 760 3889 judicamus,
786 3826 844 3888 per
867 3804 1037 3868 solidorum
1059 3802 1319 3865 introductionem
1341 3801 1423 3865 hanc
1444 3824 1513 3865 rern

227 3916 355 4002 cognitu
370 3913 458 3978 tanti>
473 3914 679 3978 difficiliorem
693 3914 835 3979 reddere.

270 4027 293 4101 l.
310 4030 362 4086 94.
390 4017 440 4085 Ed
462 4020 566 4083 minus
587 4035 690 4084 autern
712 4020 804 4105 hujus
826 4032 980 4084 accurata
1002 4020 1192 4105 inquisitioni
1213 4019 1398 4095 insistemuS,
1424 4017 1512 4104 quird

221 4128 362 4193 celeritas
388 4131 589 4217 progressiva
613 4132 742 4215 insuper
767 4153 787 4193 a
810 4128 1023 4214 profunditate
1048 4128 1142 4191 maris
1166 4127 1309 4212 pendeat.
1366 4124 1462 4201 Quod
1483 4126 1524 4189 si'

220 4234 304 4298 enim
319 4258 472 4318 ponamus
486 4259 518 4299 m
533 4258 555 4298 n
567 4237 633 4321 jam
649 4260 715 4301 esse
729 4236 824 4299 maris
838 4235 980 4313 fundum,
997 4236 1040 4299 ita
1053 4246 1089 4297 ut
1102 4234 1297 4319 profunditas
1311 4234 1406 4297 maris
1421 4234 1454 4295 in
1470 4232 1511 4298 M

167 4360 171 4365 ’
219 4342 322 4426 major
342 4362 407 4402 non
428 4355 509 4406 esset
530 4341 624 4427 quim
648 4343 687 4407 M
702 4365 744 4419 m,
767 4356 832 4405 tam
846 4342 897 4405 isli
913 4364 1004 4427 aquae
1019 4354 1123 4405 tantus
1138 4355 1240 4404 motus
1256 4342 1356 4405 inesse
1370 4340 1507 4417 deberet,

218 4476 282 4539 qno
298 4476 345 4530 ea,
362 4452 438 4515 dum
453 4454 560 4519 fluxus
573 4476 613 4517 ex
629 4456 660 4518 A
677 4456 709 4515 in
724 4478 744 4517 a
758 4452 879 4530 transit,
897 4476 937 4517 ex
952 4453 1014 4517 situ
1028 4475 1050 4515 n
1067 4452 1094 4515 F
1110 4450 1149 4516 M
1163 4473 1196 4515 m
1211 4452 1243 4513 in
1259 4451 1352 4513 sitnm
1366 4473 1398 4513 m
1409 4450 1436 4514 F
1447 4450 1508 4514 Nn

218 4561 381 4627 transferri
401 4573 517 4645 posset
563 4563 630 4627 Hic
652 4575 756 4627 autem
778 4576 882 4626 motus
905 4563 1046 4648 quamvis
1061 4563 1101 4625 sit
1114 4560 1265 4625 difformis
1287 4574 1318 4623 et
1338 4583 1396 4645 per
1411 4572 1507 4623 totam
1561 4584 1572 4607 ·

216 4688 351 4731 massam
373 4666 578 4753 irraequabilis‚
601 4679 706 4731 tamen
727 4668 754 4731 si
778 4680 845 4733 tota
866 4666 1028 4733 translatio
1049 4678 1214 4750 spectetur,
1238 4678 1321 4731 totus
1342 4678 1444 4731 motus
1463 4684 1505 4729 ex
