<?xml version="1.0" encoding="UTF-8"?>
<!DOCTYPE html PUBLIC "-//W3C//DTD XHTML 1.0 Transitional//EN"
    "http://www.w3.org/TR/xhtml1/DTD/xhtml1-transitional.dtd">
<html xmlns="http://www.w3.org/1999/xhtml" xml:lang="en" lang="en">
 <head>
  <title>
</title>
<meta http-equiv="Content-Type" content="text/html;charset=utf-8" />
  <meta name='ocr-system' content='tesseract 3.04.00' />
  <meta name='ocr-capabilities' content='ocr_page ocr_carea ocr_par ocr_line ocrx_word'/>
</head>
<body>
  <div class='ocr_page' id='page_1' title='image "./philosophinatur05wriggoog_0365.png"; bbox 0 0 3384 5459; ppageno 0'>
   <div class='ocr_carea' id='block_1_1' title="bbox 417 396 1441 485">
    <p class='ocr_par' dir='ltr' id='par_1_1' title="bbox 417 396 1441 485">
     <span class='ocr_line' id='line_1_1' title="bbox 417 396 1441 485; baseline -0.007 -15"><span class='ocrx_word' id='word_1_1' title='bbox 417 402 608 470; x_wconf 82' lang='lat' dir='ltr'>FLUXUS</span> <span class='ocrx_word' id='word_1_2' title='bbox 630 402 691 466; x_wconf 84' lang='lat' dir='ltr'><strong>AC</strong></span> <span class='ocrx_word' id='word_1_3' title='bbox 714 398 973 485; x_wconf 82' lang='lat' dir='ltr'>REFLUXUS</span> <span class='ocrx_word' id='word_1_4' title='bbox 992 396 1167 481; x_wconf 66' lang='lat' dir='ltr'><strong>MARIS„</strong></span> <span class='ocrx_word' id='word_1_5' title='bbox 1361 407 1441 475; x_wconf 69' lang='lat'><strong>3193</strong></span> 
     </span>
    </p>
   </div>
   <div class='ocr_carea' id='block_1_2' title="bbox 140 554 1429 1204">
    <p class='ocr_par' dir='ltr' id='par_1_2' title="bbox 140 554 1429 1085">
     <span class='ocr_line' id='line_1_2' title="bbox 142 554 1424 655; baseline -0.005 -15"><span class='ocrx_word' id='word_1_6' title='bbox 142 587 189 640; x_wconf 88' lang='lat' dir='ltr'><strong>ter</strong></span> <span class='ocrx_word' id='word_1_7' title='bbox 211 595 354 639; x_wconf 80' lang='lat' dir='ltr'>enormes</span> <span class='ocrx_word' id='word_1_8' title='bbox 375 571 426 638; x_wconf 91' lang='lat' dir='ltr'><strong>vel</strong></span> <span class='ocrx_word' id='word_1_9' title='bbox 446 573 500 637; x_wconf 84' lang='lat' dir='ltr'><strong>vix</strong></span> <span class='ocrx_word' id='word_1_10' title='bbox 521 554 691 650; x_wconf 63' lang='lat' dir='ltr'><strong>sensibiles,</strong></span> <span class='ocrx_word' id='word_1_11' title='bbox 713 572 760 635; x_wconf 91' lang='lat' dir='ltr'><strong>uti</strong></span> <span class='ocrx_word' id='word_1_12' title='bbox 781 571 815 636; x_wconf 88' lang='lat' dir='ltr'><strong>in</strong></span> <span class='ocrx_word' id='word_1_13' title='bbox 837 570 924 636; x_wconf 89' lang='lat' dir='ltr'><strong>Mari</strong></span> <span class='ocrx_word' id='word_1_14' title='bbox 947 568 1191 646; x_wconf 89' lang='lat' dir='ltr'><strong>Mediterraneo,</strong></span> <span class='ocrx_word' id='word_1_15' title='bbox 1214 568 1262 632; x_wconf 89' lang='lat' dir='ltr'><strong>vel</strong></span> <span class='ocrx_word' id='word_1_16' title='bbox 1285 562 1424 655; x_wconf 78' lang='lat' dir='ltr'><strong>insignes</strong></span> 
     </span>
     <span class='ocr_line' id='line_1_3' title="bbox 140 660 1427 765; baseline -0.004 -19"><span class='ocrx_word' id='word_1_17' title='bbox 140 681 365 747; x_wconf 77' lang='lat' dir='ltr'>retardationes</span> <span class='ocrx_word' id='word_1_18' title='bbox 388 701 507 757; x_wconf 89' lang='lat' dir='ltr'><strong>eorum,</strong></span> <span class='ocrx_word' id='word_1_19' title='bbox 533 680 645 765; x_wconf 92' lang='lat' dir='ltr'><strong>quibus</strong></span> <span class='ocrx_word' id='word_1_20' title='bbox 670 660 767 743; x_wconf 79' lang='lat' dir='ltr'><strong>rebua‘</strong></span> <span class='ocrx_word' id='word_1_21' title='bbox 788 677 982 763; x_wconf 82' lang='lat' dir='ltr'><strong>explicandis</strong></span> <span class='ocrx_word' id='word_1_22' title='bbox 1004 700 1137 765; x_wconf 89' lang='lat' dir='ltr'><strong>sequens</strong></span> <span class='ocrx_word' id='word_1_23' title='bbox 1161 677 1265 761; x_wconf 87' lang='lat' dir='ltr'><strong>Caput</strong></span> <span class='ocrx_word' id='word_1_24' title='bbox 1283 676 1427 753; x_wconf 78' lang='lat' dir='ltr'><strong>ultimum</strong></span> 
     </span>
     <span class='ocr_line' id='line_1_4' title="bbox 143 786 1428 875; baseline -0.005 -18"><span class='ocrx_word' id='word_1_25' title='bbox 143 793 382 857; x_wconf 87' lang='lat' dir='ltr'><strong>destinavimus:</strong></span> <span class='ocrx_word' id='word_1_26' title='bbox 405 793 449 857; x_wconf 82' lang='lat' dir='ltr'><strong>ita</strong></span> <span class='ocrx_word' id='word_1_27' title='bbox 469 792 504 855; x_wconf 92' lang='lat' dir='ltr'><strong>in</strong></span> <span class='ocrx_word' id='word_1_28' title='bbox 522 792 585 855; x_wconf 92' lang='lat' dir='ltr'><strong>hoc</strong></span> <span class='ocrx_word' id='word_1_29' title='bbox 607 791 719 875; x_wconf 87' lang='lat' dir='ltr'><strong>Capite</strong></span> <span class='ocrx_word' id='word_1_30' title='bbox 740 802 861 855; x_wconf 82' lang='lat' dir='ltr'><strong>tanturn</strong></span> <span class='ocrx_word' id='word_1_31' title='bbox 875 812 912 853; x_wconf 89' lang='lat' dir='ltr'><strong>ea</strong></span> <span class='ocrx_word' id='word_1_32' title='bbox 925 787 1020 855; x_wconf 76' lang='lat' dir='ltr'><strong>estts</strong></span> <span class='ocrx_word' id='word_1_33' title='bbox 1034 788 1129 853; x_wconf 87' lang='lat' dir='ltr'><strong>maris</strong></span> <span class='ocrx_word' id='word_1_34' title='bbox 1149 786 1358 871; x_wconf 87' lang='lat' dir='ltr'><strong>phaenomena</strong></span> <span class='ocrx_word' id='word_1_35' title='bbox 1371 809 1428 851; x_wconf 85' lang='lat' dir='ltr'><strong>ex-</strong></span> 
     </span>
     <span class='ocr_line' id='line_1_5' title="bbox 142 898 1429 987; baseline -0.003 -22"><span class='ocrx_word' id='word_1_36' title='bbox 142 900 290 987; x_wconf 88' lang='lat' dir='ltr'><strong>plicanda</strong></span> <span class='ocrx_word' id='word_1_37' title='bbox 304 901 498 985; x_wconf 85' lang='lat' dir='ltr'><strong>suscipimus,</strong></span> <span class='ocrx_word' id='word_1_38' title='bbox 521 924 591 986; x_wconf 84' lang='lat' dir='ltr'><strong>quae</strong></span> <span class='ocrx_word' id='word_1_39' title='bbox 610 902 644 965; x_wconf 90' lang='lat' dir='ltr'><strong>in</strong></span> <span class='ocrx_word' id='word_1_40' title='bbox 662 899 816 986; x_wconf 90' lang='lat' dir='ltr'><strong>portubus</strong></span> <span class='ocrx_word' id='word_1_41' title='bbox 830 899 1056 985; x_wconf 86' lang='lat' dir='ltr'><strong>amplissimum</strong></span> <span class='ocrx_word' id='word_1_42' title='bbox 1068 898 1429 982; x_wconf 85' lang='lat' dir='ltr'><strong>¹oceanumrespicieuti-</strong></span> 
     </span>
     <span class='ocr_line' id='line_1_6' title="bbox 142 1006 979 1085; baseline -0.006 -10"><span class='ocrx_word' id='word_1_43' title='bbox 142 1009 203 1075; x_wconf 91' lang='lat' dir='ltr'><strong>bus</strong></span> <span class='ocrx_word' id='word_1_44' title='bbox 218 1009 391 1085; x_wconf 82' lang='lat' dir='ltr'><strong>velinsulis</strong></span> <span class='ocrx_word' id='word_1_45' title='bbox 406 1009 565 1085; x_wconf 84' lang='lat' dir='ltr'><strong>observari</strong></span> <span class='ocrx_word' id='word_1_46' title='bbox 579 1008 681 1073; x_wconf 82' lang='lat' dir='ltr'><strong>solent</strong></span> <span class='ocrx_word' id='word_1_47' title='bbox 699 1009 732 1072; x_wconf 92' lang='lat' dir='ltr'><strong>in</strong></span> <span class='ocrx_word' id='word_1_48' title='bbox 746 1030 865 1072; x_wconf 89' lang='lat' dir='ltr'><strong>oceano</strong></span> <span class='ocrx_word' id='word_1_49' title='bbox 879 1006 956 1071; x_wconf 89' lang='lat' dir='ltr'><strong>sitis.</strong></span> <span class='ocrx_word' id='word_1_50' title='bbox 976 1072 979 1081; x_wconf 66' lang='grc'>,</span> 
     </span>
    </p>

    <p class='ocr_par' dir='ltr' id='par_1_3' title="bbox 186 1114 1428 1204">
     <span class='ocr_line' id='line_1_7' title="bbox 186 1114 1428 1204; baseline -0.007 -18"><span class='ocrx_word' id='word_1_51' title='bbox 186 1126 211 1203; x_wconf 71' lang='lat' dir='ltr'><strong>t.</strong></span> <span class='ocrx_word' id='word_1_52' title='bbox 227 1129 278 1186; x_wconf 88' lang='grc'><strong>99.</strong></span> <span class='ocrx_word' id='word_1_53' title='bbox 304 1120 338 1183; x_wconf 89' lang='lat' dir='ltr'><strong>Si</strong></span> <span class='ocrx_word' id='word_1_54' title='bbox 352 1141 460 1183; x_wconf 86' lang='lat' dir='ltr'><strong>omnes</strong></span> <span class='ocrx_word' id='word_1_55' title='bbox 474 1118 690 1204; x_wconf 74' lang='lat' dir='ltr'><strong>proprietates,</strong></span> <span class='ocrx_word' id='word_1_56' title='bbox 712 1118 825 1203; x_wconf 91' lang='lat' dir='ltr'><strong>quibus</strong></span> <span class='ocrx_word' id='word_1_57' title='bbox 838 1118 943 1181; x_wconf 85' lang='lat' dir='ltr'><strong>fluxus</strong></span> <span class='ocrx_word' id='word_1_58' title='bbox 958 1139 995 1181; x_wconf 90' lang='lat' dir='ltr'><strong>ac</strong></span> <span class='ocrx_word' id='word_1_59' title='bbox 1008 1116 1147 1181; x_wconf 83' lang='lat' dir='ltr'><strong>refluxus</strong></span> <span class='ocrx_word' id='word_1_60' title='bbox 1161 1115 1256 1180; x_wconf 88' lang='lat' dir='ltr'><strong>maris</strong></span> <span class='ocrx_word' id='word_1_61' title='bbox 1277 1114 1428 1200; x_wconf 82' lang='lat' dir='ltr'><strong>praeditus</strong></span> 
     </span>
    </p>
   </div>
   <div class='ocr_carea' id='block_1_3' title="bbox 33 1221 1431 1314">
    <p class='ocr_par' dir='ltr' id='par_1_4' title="bbox 33 1221 1431 1314">
     <span class='ocr_line' id='line_1_8' title="bbox 33 1221 1431 1314; baseline -0.004 -24"><span class='ocrx_word' id='word_1_62' title='bbox 33 1309 35 1314; x_wconf 23' lang='grc' dir='ltr'>Ι</span> <span class='ocrx_word' id='word_1_63' title='bbox 145 1247 215 1290; x_wconf 85' lang='lat' dir='ltr'><strong>esse</strong></span> <span class='ocrx_word' id='word_1_64' title='bbox 228 1226 421 1303; x_wconf 88' lang='lat' dir='ltr'><strong>observatur,</strong></span> <span class='ocrx_word' id='word_1_65' title='bbox 437 1225 589 1289; x_wconf 48' lang='lat' dir='ltr'><strong>*distincte</strong></span> <span class='ocrx_word' id='word_1_66' title='bbox 610 1246 792 1290; x_wconf 88' lang='lat' dir='ltr'><strong>enumerare</strong></span> <span class='ocrx_word' id='word_1_67' title='bbox 811 1236 904 1309; x_wconf 84' lang='lat' dir='ltr'><strong>atque</strong></span> <span class='ocrx_word' id='word_1_68' title='bbox 919 1246 1077 1309; x_wconf 82' lang='lat' dir='ltr'><strong>exponere</strong></span> <span class='ocrx_word' id='word_1_69' title='bbox 1091 1222 1232 1301; x_wconf 89' lang='lat' dir='ltr'><strong>velimus,</strong></span> <span class='ocrx_word' id='word_1_70' title='bbox 1256 1221 1431 1306; x_wconf 88' lang='lat' dir='ltr'><strong>deprehen-</strong></span> 
     </span>
    </p>
   </div>
   <div class='ocr_carea' id='block_1_4' title="bbox 76 1329 1450 4846">
    <p class='ocr_par' dir='ltr' id='par_1_5' title="bbox 76 1329 1440 3454">
     <span class='ocr_line' id='line_1_9' title="bbox 76 1329 1431 1414; baseline -0.003 -17"><span class='ocrx_word' id='word_1_71' title='bbox 76 1333 79 1341; x_wconf 77' lang='grc'><strong>’</strong></span> <span class='ocrx_word' id='word_1_72' title='bbox 143 1334 255 1397; x_wconf 89' lang='lat' dir='ltr'><strong>demus</strong></span> <span class='ocrx_word' id='word_1_73' title='bbox 277 1356 330 1397; x_wconf 84' lang='lat' dir='ltr'><strong>eas</strong></span> <span class='ocrx_word' id='word_1_74' title='bbox 352 1333 394 1397; x_wconf 88' lang='lat' dir='ltr'><strong>ad</strong></span> <span class='ocrx_word' id='word_1_75' title='bbox 414 1345 477 1397; x_wconf 86' lang='lat' dir='ltr'><strong>tres</strong></span> <span class='ocrx_word' id='word_1_76' title='bbox 499 1332 612 1397; x_wconf 91' lang='lat' dir='ltr'><strong>classes</strong></span> <span class='ocrx_word' id='word_1_77' title='bbox 626 1332 766 1396; x_wconf 85' lang='lat' dir='ltr'><strong>revocari</strong></span> <span class='ocrx_word' id='word_1_78' title='bbox 784 1330 909 1395; x_wconf 88' lang='lat' dir='ltr'><strong>debere.</strong></span> <span class='ocrx_word' id='word_1_79' title='bbox 955 1330 1008 1395; x_wconf 88' lang='lat' dir='ltr'><strong>Ad</strong></span> <span class='ocrx_word' id='word_1_80' title='bbox 1021 1330 1155 1414; x_wconf 88' lang='lat' dir='ltr'><strong>primam</strong></span> <span class='ocrx_word' id='word_1_81' title='bbox 1170 1330 1286 1394; x_wconf 84' lang='lat' dir='ltr'><strong>scilicet</strong></span> <span class='ocrx_word' id='word_1_82' title='bbox 1300 1329 1431 1393; x_wconf 81' lang='lat' dir='ltr'><strong>classem</strong></span> 
     </span>
     <span class='ocr_line' id='line_1_10' title="bbox 144 1441 1430 1528; baseline -0.003 -23"><span class='ocrx_word' id='word_1_83' title='bbox 144 1441 308 1521; x_wconf 85' lang='lat' dir='ltr'><strong>referenda</strong></span> <span class='ocrx_word' id='word_1_84' title='bbox 316 1453 394 1517; x_wconf 79' lang='lat' dir='ltr'><strong>sunt</strong></span> <span class='ocrx_word' id='word_1_85' title='bbox 406 1442 623 1525; x_wconf 83' lang='lat' dir='ltr'><strong>pbaenomena,</strong></span> <span class='ocrx_word' id='word_1_86' title='bbox 636 1464 707 1528; x_wconf 84' lang='lat' dir='ltr'><strong>quae</strong></span> <span class='ocrx_word' id='word_1_87' title='bbox 721 1442 756 1504; x_wconf 92' lang='lat' dir='ltr'><strong>in</strong></span> <span class='ocrx_word' id='word_1_88' title='bbox 769 1463 834 1504; x_wconf 92' lang='lat' dir='ltr'><strong>uno</strong></span> <span class='ocrx_word' id='word_1_89' title='bbox 847 1453 926 1505; x_wconf 84' lang='lat' dir='ltr'><strong>aestu</strong></span> <span class='ocrx_word' id='word_1_90' title='bbox 941 1442 974 1505; x_wconf 94' lang='lat' dir='ltr'><strong>in</strong></span> <span class='ocrx_word' id='word_1_91' title='bbox 989 1463 1022 1505; x_wconf 89' lang='lat' dir='ltr'><strong>sc</strong></span> <span class='ocrx_word' id='word_1_92' title='bbox 1036 1452 1176 1526; x_wconf 85' lang='lat' dir='ltr'><strong>spectato</strong></span> <span class='ocrx_word' id='word_1_93' title='bbox 1186 1441 1430 1526; x_wconf 87' lang='lat' dir='ltr'><strong>conspiciuntur,</strong></span> 
     </span>
     <span class='ocr_line' id='line_1_11' title="bbox 145 1550 1432 1638; baseline -0.005 -19"><span class='ocrx_word' id='word_1_94' title='bbox 145 1552 220 1619; x_wconf 80' lang='lat' dir='ltr'><strong>crim</strong></span> <span class='ocrx_word' id='word_1_95' title='bbox 234 1554 355 1618; x_wconf 88' lang='lat' dir='ltr'><strong>ratione</strong></span> <span class='ocrx_word' id='word_1_96' title='bbox 369 1553 518 1638; x_wconf 86' lang='lat' dir='ltr'><strong>temporis</strong></span> <span class='ocrx_word' id='word_1_97' title='bbox 532 1551 600 1618; x_wconf 77' lang='lat' dir='ltr'><strong>tum</strong></span> <span class='ocrx_word' id='word_1_98' title='bbox 614 1554 708 1617; x_wconf 90' lang='lat' dir='ltr'><strong>etiam</strong></span> <span class='ocrx_word' id='word_1_99' title='bbox 721 1552 842 1617; x_wconf 88' lang='lat' dir='ltr'><strong>ratione</strong></span> <span class='ocrx_word' id='word_1_100' title='bbox 858 1552 1036 1638; x_wconf 81' lang='lat' dir='ltr'><strong>quantitatis</strong></span> <span class='ocrx_word' id='word_1_101' title='bbox 1044 1576 1053 1628; x_wconf 89' lang='lat'>;</span> <span class='ocrx_word' id='word_1_102' title='bbox 1075 1552 1205 1637; x_wconf 80' lang='lat' dir='ltr'><strong>baecque</strong></span> <span class='ocrx_word' id='word_1_103' title='bbox 1224 1550 1432 1635; x_wconf 76' lang='lat' dir='ltr'><strong>phaenomena</strong></span> 
     </span>
     <span class='ocr_line' id='line_1_12' title="bbox 146 1659 1434 1747; baseline -0.003 -20"><span class='ocrx_word' id='word_1_104' title='bbox 146 1659 399 1727; x_wconf 69' lang='lat' dir='ltr'><strong>commodissime</strong></span> <span class='ocrx_word' id='word_1_105' title='bbox 413 1662 472 1725; x_wconf 90' lang='lat' dir='ltr'><strong>sub</strong></span> <span class='ocrx_word' id='word_1_106' title='bbox 485 1661 686 1725; x_wconf 86' lang='lat' dir='ltr'><strong>varietatibus</strong></span> <span class='ocrx_word' id='word_1_107' title='bbox 701 1660 820 1725; x_wconf 91' lang='lat' dir='ltr'><strong>diurnis</strong></span> <span class='ocrx_word' id='word_1_108' title='bbox 834 1660 1060 1745; x_wconf 89' lang='lat' dir='ltr'><strong>comprehendi</strong></span> <span class='ocrx_word' id='word_1_109' title='bbox 1073 1674 1212 1745; x_wconf 85' lang='lat' dir='ltr'><strong>possunt,</strong></span> <span class='ocrx_word' id='word_1_110' title='bbox 1230 1659 1381 1747; x_wconf 76' lang='lat' dir='ltr'><strong>quitenus</strong></span> <span class='ocrx_word' id='word_1_111' title='bbox 1396 1683 1434 1723; x_wconf 88' lang='lat' dir='ltr'><strong>ea</strong></span> 
     </span>
     <span class='ocr_line' id='line_1_13' title="bbox 145 1768 1433 1855; baseline -0.002 -22"><span class='ocrx_word' id='word_1_112' title='bbox 145 1791 179 1833; x_wconf 89' lang='lat' dir='ltr'><strong>se</strong></span> <span class='ocrx_word' id='word_1_113' title='bbox 193 1768 329 1833; x_wconf 81' lang='lat' dir='ltr'><strong>offerunt</strong></span> <span class='ocrx_word' id='word_1_114' title='bbox 343 1768 543 1845; x_wconf 79' lang='lat' dir='ltr'><strong>observaturi,</strong></span> <span class='ocrx_word' id='word_1_115' title='bbox 567 1768 621 1854; x_wconf 92' lang='lat' dir='ltr'><strong>qui</strong></span> <span class='ocrx_word' id='word_1_116' title='bbox 641 1790 699 1853; x_wconf 91' lang='lat' dir='ltr'><strong>per</strong></span> <span class='ocrx_word' id='word_1_117' title='bbox 720 1768 877 1855; x_wconf 86' lang='lat' dir='ltr'><strong>integrum</strong></span> <span class='ocrx_word' id='word_1_118' title='bbox 899 1778 1020 1831; x_wconf 89' lang='lat' dir='ltr'><strong>tautum</strong></span> <span class='ocrx_word' id='word_1_119' title='bbox 1033 1768 1118 1833; x_wconf 88' lang='lat' dir='ltr'><strong>diem</strong></span> <span class='ocrx_word' id='word_1_120' title='bbox 1132 1768 1364 1831; x_wconf 88' lang='lat' dir='ltr'><strong>observationes</strong></span> <span class='ocrx_word' id='word_1_121' title='bbox 1385 1768 1433 1829; x_wconf 92' lang='lat' dir='ltr'><strong>in-</strong></span> 
     </span>
     <span class='ocr_line' id='line_1_14' title="bbox 146 1858 1435 1961; baseline 0 -23"><span class='ocrx_word' id='word_1_122' title='bbox 146 1874 257 1953; x_wconf 89' lang='lat' dir='ltr'><strong>stituit,</strong></span> <span class='ocrx_word' id='word_1_123' title='bbox 267 1896 369 1961; x_wconf 91' lang='lat' dir='ltr'><strong>neque</strong></span> <span class='ocrx_word' id='word_1_124' title='bbox 380 1898 416 1939; x_wconf 89' lang='lat' dir='ltr'><strong>ea</strong></span> <span class='ocrx_word' id='word_1_125' title='bbox 428 1897 500 1938; x_wconf 89' lang='lat' dir='ltr'><strong>curn</strong></span> <span class='ocrx_word' id='word_1_126' title='bbox 511 1874 579 1939; x_wconf 88' lang='lat' dir='ltr'><strong>aliis</strong></span> <span class='ocrx_word' id='word_1_127' title='bbox 594 1874 809 1959; x_wconf 84' lang='lat' dir='ltr'><strong>pbaeuomeuis</strong></span> <span class='ocrx_word' id='word_1_128' title='bbox 820 1875 888 1939; x_wconf 88' lang='lat' dir='ltr'><strong>aliis</strong></span> <span class='ocrx_word' id='word_1_129' title='bbox 899 1875 1092 1959; x_wconf 81' lang='lat' dir='ltr'><strong>temporibus</strong></span> <span class='ocrx_word' id='word_1_130' title='bbox 1104 1858 1338 1941; x_wconf 87' lang='lat' dir='ltr'><strong>occurrentibus</strong></span> <span class='ocrx_word' id='word_1_131' title='bbox 1349 1896 1435 1939; x_wconf 91' lang='lat' dir='ltr'><strong>com-</strong></span> 
     </span>
     <span class='ocr_line' id='line_1_15' title="bbox 145 1980 1434 2068; baseline 0 -23"><span class='ocrx_word' id='word_1_132' title='bbox 145 1991 245 2066; x_wconf 88' lang='lat' dir='ltr'><strong>parat.</strong></span> <span class='ocrx_word' id='word_1_133' title='bbox 306 1980 451 2046; x_wconf 88' lang='lat' dir='ltr'><strong>Secunda</strong></span> <span class='ocrx_word' id='word_1_134' title='bbox 479 1980 584 2045; x_wconf 83' lang='lat' dir='ltr'><strong>classis</strong></span> <span class='ocrx_word' id='word_1_135' title='bbox 613 1981 830 2067; x_wconf 86' lang='lat' dir='ltr'><strong>complectitur</strong></span> <span class='ocrx_word' id='word_1_136' title='bbox 858 1984 1021 2066; x_wconf 78' lang='lat' dir='ltr'><strong>varietates</strong></span> <span class='ocrx_word' id='word_1_137' title='bbox 1049 1994 1234 2061; x_wconf 88' lang='lat' dir='ltr'><strong>menstruas,</strong></span> <span class='ocrx_word' id='word_1_138' title='bbox 1266 2004 1338 2068; x_wconf 83' lang='lat' dir='ltr'><strong>quae</strong></span> <span class='ocrx_word' id='word_1_139' title='bbox 1367 2004 1434 2047; x_wconf 88' lang='lat' dir='ltr'><strong>sese</strong></span> 
     </span>
     <span class='ocr_line' id='line_1_16' title="bbox 145 2087 1432 2175; baseline -0.001 -24"><span class='ocrx_word' id='word_1_140' title='bbox 145 2088 339 2152; x_wconf 80' lang='lat' dir='ltr'><strong>observaturi</strong></span> <span class='ocrx_word' id='word_1_141' title='bbox 360 2110 418 2172; x_wconf 92' lang='lat' dir='ltr'><strong>per</strong></span> <span class='ocrx_word' id='word_1_142' title='bbox 440 2088 598 2175; x_wconf 80' lang='lat' dir='ltr'><strong>integrum</strong></span> <span class='ocrx_word' id='word_1_143' title='bbox 619 2110 758 2153; x_wconf 91' lang='lat' dir='ltr'><strong>mensem</strong></span> <span class='ocrx_word' id='word_1_144' title='bbox 780 2100 893 2153; x_wconf 81' lang='lat' dir='ltr'><strong>oesturn</strong></span> <span class='ocrx_word' id='word_1_145' title='bbox 916 2088 1012 2153; x_wconf 87' lang='lat' dir='ltr'><strong>maris</strong></span> <span class='ocrx_word' id='word_1_146' title='bbox 1038 2089 1261 2174; x_wconf 82' lang='lat' dir='ltr'><strong>contemplanti</strong></span> <span class='ocrx_word' id='word_1_147' title='bbox 1286 2087 1432 2164; x_wconf 87' lang='lat' dir='ltr'><strong>offerunt,</strong></span> 
     </span>
     <span class='ocr_line' id='line_1_17' title="bbox 149 2194 1435 2281; baseline -0.002 -22"><span class='ocrx_word' id='word_1_148' title='bbox 149 2216 299 2281; x_wconf 88' lang='lat' dir='ltr'><strong>quorsum</strong></span> <span class='ocrx_word' id='word_1_149' title='bbox 319 2194 477 2280; x_wconf 70' lang='lat' dir='ltr'><strong>pertinent</strong></span> <span class='ocrx_word' id='word_1_150' title='bbox 500 2207 594 2259; x_wconf 87' lang='lat' dir='ltr'><strong>aestns</strong></span> <span class='ocrx_word' id='word_1_151' title='bbox 619 2194 749 2259; x_wconf 83' lang='lat' dir='ltr'><strong>maximi</strong></span> <span class='ocrx_word' id='word_1_152' title='bbox 771 2194 964 2281; x_wconf 88' lang='lat' dir='ltr'><strong>minimique,</strong></span> <span class='ocrx_word' id='word_1_153' title='bbox 989 2194 1064 2261; x_wconf 90' lang='lat' dir='ltr'><strong>item</strong></span> <span class='ocrx_word' id='word_1_154' title='bbox 1089 2195 1314 2259; x_wconf 83' lang='lat' dir='ltr'><strong>retardationes</strong></span> <span class='ocrx_word' id='word_1_155' title='bbox 1339 2194 1435 2259; x_wconf 77' lang='lat' dir='ltr'><strong>modi&gt;</strong></span> 
     </span>
     <span class='ocr_line' id='line_1_18' title="bbox 146 2302 1436 2390; baseline -0.002 -21"><span class='ocrx_word' id='word_1_156' title='bbox 146 2306 280 2389; x_wconf 88' lang='lat' dir='ltr'><strong>majores</strong></span> <span class='ocrx_word' id='word_1_157' title='bbox 305 2302 402 2367; x_wconf 81' lang='lat' dir='ltr'><strong>modd</strong></span> <span class='ocrx_word' id='word_1_158' title='bbox 423 2304 569 2368; x_wconf 85' lang='lat' dir='ltr'><strong>minores.</strong></span> <span class='ocrx_word' id='word_1_159' title='bbox 616 2304 726 2369; x_wconf 90' lang='lat' dir='ltr'><strong>Tertia</strong></span> <span class='ocrx_word' id='word_1_160' title='bbox 746 2302 881 2390; x_wconf 88' lang='lat' dir='ltr'><strong>denique</strong></span> <span class='ocrx_word' id='word_1_161' title='bbox 902 2304 1006 2369; x_wconf 87' lang='lat' dir='ltr'><strong>classis</strong></span> <span class='ocrx_word' id='word_1_162' title='bbox 1022 2304 1259 2388; x_wconf 90' lang='lat' dir='ltr'><strong>comprehendit</strong></span> <span class='ocrx_word' id='word_1_163' title='bbox 1272 2303 1436 2369; x_wconf 85' lang='lat' dir='ltr'><strong>varietates</strong></span> 
     </span>
     <span class='ocr_line' id='line_1_19' title="bbox 146 2410 1436 2497; baseline 0.002 -23"><span class='ocrx_word' id='word_1_164' title='bbox 146 2432 266 2474; x_wconf 84' lang='lat' dir='ltr'><strong>annuas</strong></span> <span class='ocrx_word' id='word_1_165' title='bbox 288 2431 326 2474; x_wconf 90' lang='lat' dir='ltr'><strong>ac</strong></span> <span class='ocrx_word' id='word_1_166' title='bbox 345 2410 512 2497; x_wconf 87' lang='lat' dir='ltr'><strong>plusquam</strong></span> <span class='ocrx_word' id='word_1_167' title='bbox 533 2433 663 2489; x_wconf 86' lang='lat' dir='ltr'><strong>annuas,</strong></span> <span class='ocrx_word' id='word_1_168' title='bbox 687 2434 758 2497; x_wconf 86' lang='lat' dir='ltr'><strong>quae</strong></span> <span class='ocrx_word' id='word_1_169' title='bbox 779 2424 951 2497; x_wconf 88' lang='lat' dir='ltr'><strong>sequuntur</strong></span> <span class='ocrx_word' id='word_1_170' title='bbox 972 2412 1022 2477; x_wconf 92' lang='lat' dir='ltr'><strong>vel</strong></span> <span class='ocrx_word' id='word_1_171' title='bbox 1043 2412 1143 2479; x_wconf 86' lang='lat' dir='ltr'><strong>varias</strong></span> <span class='ocrx_word' id='word_1_172' title='bbox 1166 2412 1269 2479; x_wconf 80' lang='lat' dir='ltr'><strong>Lunae</strong></span> <span class='ocrx_word' id='word_1_173' title='bbox 1291 2436 1310 2477; x_wconf 89' lang='lat' dir='ltr'><strong>a</strong></span> <span class='ocrx_word' id='word_1_174' title='bbox 1335 2412 1436 2477; x_wconf 76' lang='lat' dir='ltr'><strong>Termi</strong></span> 
     </span>
     <span class='ocr_line' id='line_1_20' title="bbox 146 2516 1438 2595; baseline 0.001 -13"><span class='ocrx_word' id='word_1_175' title='bbox 146 2518 321 2595; x_wconf 80' lang='lat' dir='ltr'><strong>distantias,</strong></span> <span class='ocrx_word' id='word_1_176' title='bbox 337 2516 386 2581; x_wconf 89' lang='lat' dir='ltr'><strong>vel</strong></span> <span class='ocrx_word' id='word_1_177' title='bbox 402 2518 501 2595; x_wconf 82' lang='lat' dir='ltr'><strong>Solis3</strong></span> <span class='ocrx_word' id='word_1_178' title='bbox 522 2519 573 2581; x_wconf 93' lang='lat' dir='ltr'><strong>vel</strong></span> <span class='ocrx_word' id='word_1_179' title='bbox 587 2518 680 2582; x_wconf 89' lang='lat' dir='ltr'><strong>etiam</strong></span> <span class='ocrx_word' id='word_1_180' title='bbox 692 2517 893 2585; x_wconf 88' lang='lat' dir='ltr'><strong>luminarium</strong></span> <span class='ocrx_word' id='word_1_181' title='bbox 909 2519 1156 2587; x_wconf 84' lang='lat' dir='ltr'><strong>declinationem.</strong></span> <span class='ocrx_word' id='word_1_182' title='bbox 1203 2520 1299 2583; x_wconf 88' lang='lat' dir='ltr'><strong>Hanc</strong></span> <span class='ocrx_word' id='word_1_183' title='bbox 1313 2520 1355 2584; x_wconf 93' lang='lat' dir='ltr'><strong>ob</strong></span> <span class='ocrx_word' id='word_1_184' title='bbox 1369 2540 1438 2583; x_wconf 91' lang='lat' dir='ltr'><strong>rern</strong></span> 
     </span>
     <span class='ocr_line' id='line_1_21' title="bbox 146 2624 1439 2713; baseline 0 -24"><span class='ocrx_word' id='word_1_185' title='bbox 146 2626 355 2712; x_wconf 74' lang='lat' dir='ltr'><strong>phaenomena</strong></span> <span class='ocrx_word' id='word_1_186' title='bbox 380 2625 622 2711; x_wconf 87' lang='lat' dir='ltr'><strong>uniuscujusque</strong></span> <span class='ocrx_word' id='word_1_187' title='bbox 637 2624 743 2691; x_wconf 85' lang='lat' dir='ltr'><strong>classis</strong></span> <span class='ocrx_word' id='word_1_188' title='bbox 765 2626 1005 2703; x_wconf 88' lang='lat' dir='ltr'><strong>recensebimus,</strong></span> <span class='ocrx_word' id='word_1_189' title='bbox 1027 2636 1119 2713; x_wconf 89' lang='lat' dir='ltr'><strong>atque</strong></span> <span class='ocrx_word' id='word_1_190' title='bbox 1136 2626 1294 2713; x_wconf 93' lang='lat' dir='ltr'><strong>quomodo</strong></span> <span class='ocrx_word' id='word_1_191' title='bbox 1316 2626 1439 2713; x_wconf 88' lang='lat' dir='ltr'><strong>singula</strong></span> 
     </span>
     <span class='ocr_line' id='line_1_22' title="bbox 87 2723 1439 2819; baseline -0.001 -22"><span class='ocrx_word' id='word_1_192' title='bbox 87 2723 92 2731; x_wconf 42' lang='lat'>⁸</span> <span class='ocrx_word' id='word_1_193' title='bbox 147 2754 221 2797; x_wconf 92' lang='lat' dir='ltr'><strong>cum</strong></span> <span class='ocrx_word' id='word_1_194' title='bbox 240 2732 360 2796; x_wconf 68' lang='lat' dir='ltr'><strong>theoriis</strong></span> <span class='ocrx_word' id='word_1_195' title='bbox 375 2730 487 2796; x_wconf 76' lang='lat' dir='ltr'><strong>traditi</strong></span> <span class='ocrx_word' id='word_1_196' title='bbox 503 2743 686 2819; x_wconf 83' lang='lat' dir='ltr'><strong>congruant,</strong></span> <span class='ocrx_word' id='word_1_197' title='bbox 702 2732 911 2797; x_wconf 80' lang='lat' dir='ltr'><strong>ostendemus.</strong></span> <span class='ocrx_word' id='word_1_198' title='bbox 957 2732 1024 2797; x_wconf 89' lang='lat' dir='ltr'><strong>Hic</strong></span> <span class='ocrx_word' id='word_1_199' title='bbox 1038 2732 1122 2812; x_wconf 78' lang='lat' dir='ltr'><strong>vend,</strong></span> <span class='ocrx_word' id='word_1_200' title='bbox 1144 2744 1180 2797; x_wconf 93' lang='lat' dir='ltr'><strong>ut</strong></span> <span class='ocrx_word' id='word_1_201' title='bbox 1195 2735 1262 2819; x_wconf 84' lang='lat' dir='ltr'><strong>jam</strong></span> <span class='ocrx_word' id='word_1_202' title='bbox 1277 2745 1324 2797; x_wconf 90' lang='lat' dir='ltr'><strong>est</strong></span> <span class='ocrx_word' id='word_1_203' title='bbox 1337 2734 1439 2797; x_wconf 88' lang='lat' dir='ltr'><strong>moni-</strong></span> 
     </span>
     <span class='ocr_line' id='line_1_23' title="bbox 148 2841 1437 2929; baseline 0.002 -24"><span class='ocrx_word' id='word_1_204' title='bbox 148 2855 228 2917; x_wconf 87' lang='lat' dir='ltr'><strong>tum,</strong></span> <span class='ocrx_word' id='word_1_205' title='bbox 253 2864 274 2905; x_wconf 90' lang='lat' dir='ltr'><strong>a</strong></span> <span class='ocrx_word' id='word_1_206' title='bbox 295 2841 579 2925; x_wconf 84' lang='lat' dir='ltr'><strong>perturbationibus</strong></span> <span class='ocrx_word' id='word_1_207' title='bbox 604 2862 675 2928; x_wconf 75' lang='lat' dir='ltr'><strong>quae</strong></span> <span class='ocrx_word' id='word_1_208' title='bbox 698 2864 718 2904; x_wconf 91' lang='lat' dir='ltr'><strong>a</strong></span> <span class='ocrx_word' id='word_1_209' title='bbox 743 2841 852 2906; x_wconf 90' lang='lat' dir='ltr'><strong>Terris</strong></span> <span class='ocrx_word' id='word_1_210' title='bbox 875 2864 913 2905; x_wconf 93' lang='lat' dir='ltr'><strong>ac</strong></span> <span class='ocrx_word' id='word_1_211' title='bbox 934 2842 1090 2909; x_wconf 86' lang='lat' dir='ltr'><strong>littoribus</strong></span> <span class='ocrx_word' id='word_1_212' title='bbox 1111 2844 1276 2927; x_wconf 85' lang='lat' dir='ltr'><strong>provenire</strong></span> <span class='ocrx_word' id='word_1_213' title='bbox 1296 2855 1437 2929; x_wconf 85' lang='lat' dir='ltr'><strong>possunt,</strong></span> 
     </span>
     <span class='ocr_line' id='line_1_24' title="bbox 149 2951 1440 3039; baseline -0.001 -22"><span class='ocrx_word' id='word_1_214' title='bbox 149 2952 290 3017; x_wconf 91' lang='lat' dir='ltr'><strong>animum</strong></span> <span class='ocrx_word' id='word_1_215' title='bbox 302 2973 432 3037; x_wconf 89' lang='lat' dir='ltr'><strong>prorsus</strong></span> <span class='ocrx_word' id='word_1_216' title='bbox 447 2951 647 3030; x_wconf 89' lang='lat' dir='ltr'><strong>abstinemus,</strong></span> <span class='ocrx_word' id='word_1_217' title='bbox 666 2975 718 3016; x_wconf 87' lang='lat' dir='ltr'><strong>eas</strong></span> <span class='ocrx_word' id='word_1_218' title='bbox 733 2952 875 3039; x_wconf 87' lang='lat' dir='ltr'><strong>sequenti</strong></span> <span class='ocrx_word' id='word_1_219' title='bbox 892 2953 997 3037; x_wconf 85' lang='lat' dir='ltr'><strong>Capiti</strong></span> <span class='ocrx_word' id='word_1_220' title='bbox 1010 2968 1211 3019; x_wconf 87' lang='lat' dir='ltr'><strong>reservantes.</strong></span> <span class='ocrx_word' id='word_1_221' title='bbox 1258 2952 1366 3023; x_wconf 77' lang='lat' dir='ltr'><strong>Multi&gt;</strong></span> <span class='ocrx_word' id='word_1_222' title='bbox 1380 2954 1440 3017; x_wconf 90' lang='lat' dir='ltr'><strong>mi-</strong></span> 
     </span>
     <span class='ocr_line' id='line_1_25' title="bbox 147 3058 1440 3150; baseline 0.001 -25"><span class='ocrx_word' id='word_1_223' title='bbox 147 3061 210 3126; x_wconf 83' lang='lat' dir='ltr'><strong>ntls</strong></span> <span class='ocrx_word' id='word_1_224' title='bbox 224 3061 303 3125; x_wconf 78' lang='lat' dir='ltr'><strong>veni</strong></span> <span class='ocrx_word' id='word_1_225' title='bbox 316 3061 358 3127; x_wconf 86' lang='lat' dir='ltr'><strong>ad</strong></span> <span class='ocrx_word' id='word_1_226' title='bbox 372 3074 500 3125; x_wconf 88' lang='lat' dir='ltr'><strong>ventum</strong></span> <span class='ocrx_word' id='word_1_227' title='bbox 514 3058 566 3124; x_wconf 87' lang='lat' dir='ltr'><strong>hic</strong></span> <span class='ocrx_word' id='word_1_228' title='bbox 581 3060 775 3145; x_wconf 88' lang='lat' dir='ltr'><strong>respicimus,</strong></span> <span class='ocrx_word' id='word_1_229' title='bbox 797 3083 862 3146; x_wconf 93' lang='lat' dir='ltr'><strong>quo</strong></span> <span class='ocrx_word' id='word_1_230' title='bbox 879 3072 973 3125; x_wconf 83' lang='lat' dir='ltr'><strong>aestus</strong></span> <span class='ocrx_word' id='word_1_231' title='bbox 987 3063 1082 3126; x_wconf 87' lang='lat' dir='ltr'><strong>maris</strong></span> <span class='ocrx_word' id='word_1_232' title='bbox 1098 3060 1170 3127; x_wconf 82' lang='lat' dir='ltr'><strong>crim</strong></span> <span class='ocrx_word' id='word_1_233' title='bbox 1185 3062 1305 3127; x_wconf 91' lang='lat' dir='ltr'><strong>ratione</strong></span> <span class='ocrx_word' id='word_1_234' title='bbox 1318 3064 1440 3150; x_wconf 89' lang='lat' dir='ltr'><strong>magni-</strong></span> 
     </span>
     <span class='ocr_line' id='line_1_26' title="bbox 151 3164 1440 3255; baseline 0.001 -23"><span class='ocrx_word' id='word_1_235' title='bbox 151 3166 360 3235; x_wconf 69' lang='lat' dir='ltr'><strong>tadinatem</strong></span> <span class='ocrx_word' id='word_1_236' title='bbox 382 3166 530 3251; x_wconf 88' lang='lat' dir='ltr'><strong>temporis</strong></span> <span class='ocrx_word' id='word_1_237' title='bbox 552 3166 723 3251; x_wconf 90' lang='lat' dir='ltr'><strong>plurimum</strong></span> <span class='ocrx_word' id='word_1_238' title='bbox 745 3164 826 3230; x_wconf 85' lang='lat' dir='ltr'><strong>effici</strong></span> <span class='ocrx_word' id='word_1_239' title='bbox 848 3166 1050 3246; x_wconf 84' lang='lat' dir='ltr'><strong>observatur3</strong></span> <span class='ocrx_word' id='word_1_240' title='bbox 1073 3169 1128 3235; x_wconf 91' lang='lat' dir='ltr'><strong>sed</strong></span> <span class='ocrx_word' id='word_1_241' title='bbox 1149 3166 1271 3234; x_wconf 78' lang='lat' dir='ltr'><strong>tannim</strong></span> <span class='ocrx_word' id='word_1_242' title='bbox 1288 3171 1440 3255; x_wconf 90' lang='lat' dir='ltr'><strong>ejusmodi</strong></span> 
     </span>
     <span class='ocr_line' id='line_1_27' title="bbox 149 3277 1440 3368; baseline 0.001 -24"><span class='ocrx_word' id='word_1_243' title='bbox 149 3281 359 3367; x_wconf 78' lang='lat' dir='ltr'><strong>phaenomena</strong></span> <span class='ocrx_word' id='word_1_244' title='bbox 382 3280 539 3368; x_wconf 70' lang='lat' dir='ltr'><strong>explicare</strong></span> <span class='ocrx_word' id='word_1_245' title='bbox 561 3277 614 3342; x_wconf 91' lang='lat' dir='ltr'><strong>hic</strong></span> <span class='ocrx_word' id='word_1_246' title='bbox 637 3278 830 3358; x_wconf 89' lang='lat' dir='ltr'><strong>conabimur,</strong></span> <span class='ocrx_word' id='word_1_247' title='bbox 856 3300 927 3367; x_wconf 87' lang='lat' dir='ltr'><strong>quae</strong></span> <span class='ocrx_word' id='word_1_248' title='bbox 952 3281 1132 3347; x_wconf 86' lang='lat' dir='ltr'><strong>memoratis</strong></span> <span class='ocrx_word' id='word_1_249' title='bbox 1155 3281 1440 3365; x_wconf 86' lang='lat' dir='ltr'><strong>perturbationibus</strong></span> 
     </span>
     <span class='ocr_line' id='line_1_28' title="bbox 150 3388 517 3454; baseline -0.008 0"><span class='ocrx_word' id='word_1_250' title='bbox 150 3390 281 3454; x_wconf 76' lang='lat' dir='ltr'><strong>minime</strong></span> <span class='ocrx_word' id='word_1_251' title='bbox 296 3391 358 3453; x_wconf 91' lang='lat' dir='ltr'><strong>sint</strong></span> <span class='ocrx_word' id='word_1_252' title='bbox 372 3388 517 3453; x_wconf 88' lang='lat' dir='ltr'><strong>obnoxia.</strong></span> 
     </span>
    </p>

    <p class='ocr_par' dir='ltr' id='par_1_6' title="bbox 148 3494 1443 4668">
     <span class='ocr_line' id='line_1_29' title="bbox 193 3494 1440 3583; baseline 0.002 -24"><span class='ocrx_word' id='word_1_253' title='bbox 193 3502 218 3579; x_wconf 86' lang='lat'><strong>§.</strong></span> <span class='ocrx_word' id='word_1_254' title='bbox 237 3505 309 3561; x_wconf 85' lang='lat'><strong>100.</strong></span> <span class='ocrx_word' id='word_1_255' title='bbox 336 3495 435 3571; x_wconf 86' lang='lat' dir='ltr'><strong>Quod</strong></span> <span class='ocrx_word' id='word_1_256' title='bbox 455 3495 551 3582; x_wconf 85' lang='lat' dir='ltr'><strong>igitur</strong></span> <span class='ocrx_word' id='word_1_257' title='bbox 564 3494 607 3559; x_wconf 89' lang='lat' dir='ltr'><strong>ad</strong></span> <span class='ocrx_word' id='word_1_258' title='bbox 620 3495 755 3581; x_wconf 86' lang='lat' dir='ltr'><strong>primam</strong></span> <span class='ocrx_word' id='word_1_259' title='bbox 769 3496 900 3561; x_wconf 81' lang='lat' dir='ltr'><strong>classem</strong></span> <span class='ocrx_word' id='word_1_260' title='bbox 915 3496 1035 3576; x_wconf 86' lang='lat' dir='ltr'><strong>attinet,</strong></span> <span class='ocrx_word' id='word_1_261' title='bbox 1051 3496 1245 3583; x_wconf 89' lang='lat' dir='ltr'><strong>praecipuum</strong></span> <span class='ocrx_word' id='word_1_262' title='bbox 1259 3497 1440 3582; x_wconf 73' lang='lat' dir='ltr'><strong>phaenome-</strong></span> 
     </span>
     <span class='ocr_line' id='line_1_30' title="bbox 148 3603 1441 3694; baseline 0.002 -25"><span class='ocrx_word' id='word_1_263' title='bbox 148 3626 228 3669; x_wconf 89' lang='lat' dir='ltr'><strong>num</strong></span> <span class='ocrx_word' id='word_1_264' title='bbox 249 3605 282 3668; x_wconf 93' lang='lat' dir='ltr'><strong>in</strong></span> <span class='ocrx_word' id='word_1_265' title='bbox 303 3603 366 3669; x_wconf 88' lang='lat' dir='ltr'><strong>hoc</strong></span> <span class='ocrx_word' id='word_1_266' title='bbox 389 3604 537 3683; x_wconf 87' lang='lat' dir='ltr'><strong>consistit,</strong></span> <span class='ocrx_word' id='word_1_267' title='bbox 560 3604 649 3691; x_wconf 75' lang='lat' dir='ltr'><strong>qued</strong></span> <span class='ocrx_word' id='word_1_268' title='bbox 670 3606 786 3692; x_wconf 91' lang='lat' dir='ltr'><strong>ubique</strong></span> <span class='ocrx_word' id='word_1_269' title='bbox 807 3605 842 3670; x_wconf 92' lang='lat' dir='ltr'><strong>in</strong></span> <span class='ocrx_word' id='word_1_270' title='bbox 863 3607 1053 3690; x_wconf 89' lang='lat' dir='ltr'><strong>amplissimo</strong></span> <span class='ocrx_word' id='word_1_271' title='bbox 1076 3628 1193 3671; x_wconf 85' lang='lat' dir='ltr'><strong>oceano</strong></span> <span class='ocrx_word' id='word_1_272' title='bbox 1215 3607 1353 3694; x_wconf 90' lang='lat' dir='ltr'><strong>quotidie</strong></span> <span class='ocrx_word' id='word_1_273' title='bbox 1374 3608 1441 3689; x_wconf 77' lang='lat' dir='ltr'><strong>bini</strong></span> 
     </span>
     <span class='ocr_line' id='line_1_31' title="bbox 148 3711 1441 3799; baseline 0.001 -21"><span class='ocrx_word' id='word_1_274' title='bbox 148 3713 248 3778; x_wconf 90' lang='lat' dir='ltr'><strong>maris</strong></span> <span class='ocrx_word' id='word_1_275' title='bbox 262 3714 367 3777; x_wconf 82' lang='lat' dir='ltr'><strong>fluxus</strong></span> <span class='ocrx_word' id='word_1_276' title='bbox 382 3735 438 3777; x_wconf 92' lang='lat' dir='ltr'><strong>seu</strong></span> <span class='ocrx_word' id='word_1_277' title='bbox 452 3712 648 3791; x_wconf 87' lang='lat' dir='ltr'><strong>elevationes,</strong></span> <span class='ocrx_word' id='word_1_278' title='bbox 671 3711 799 3799; x_wconf 91' lang='lat' dir='ltr'><strong>binique</strong></span> <span class='ocrx_word' id='word_1_279' title='bbox 813 3712 952 3777; x_wconf 86' lang='lat' dir='ltr'><strong>refluxus</strong></span> <span class='ocrx_word' id='word_1_280' title='bbox 967 3735 1023 3777; x_wconf 89' lang='lat' dir='ltr'><strong>seu</strong></span> <span class='ocrx_word' id='word_1_281' title='bbox 1037 3713 1251 3799; x_wconf 88' lang='lat' dir='ltr'><strong>depressiones</strong></span> <span class='ocrx_word' id='word_1_282' title='bbox 1273 3715 1441 3779; x_wconf 88' lang='lat' dir='ltr'><strong>observen-</strong></span> 
     </span>
     <span class='ocr_line' id='line_1_32' title="bbox 151 3822 1441 3907; baseline -0.002 -18"><span class='ocrx_word' id='word_1_283' title='bbox 151 3839 214 3901; x_wconf 90' lang='lat' dir='ltr'><strong>tur,</strong></span> <span class='ocrx_word' id='word_1_284' title='bbox 238 3834 332 3907; x_wconf 90' lang='lat' dir='ltr'><strong>atque</strong></span> <span class='ocrx_word' id='word_1_285' title='bbox 357 3832 481 3907; x_wconf 89' lang='lat' dir='ltr'><strong>tempus</strong></span> <span class='ocrx_word' id='word_1_286' title='bbox 504 3822 587 3885; x_wconf 90' lang='lat' dir='ltr'><strong>inter</strong></span> <span class='ocrx_word' id='word_1_287' title='bbox 612 3822 702 3885; x_wconf 90' lang='lat' dir='ltr'><strong>binos</strong></span> <span class='ocrx_word' id='word_1_288' title='bbox 727 3823 832 3887; x_wconf 85' lang='lat' dir='ltr'><strong>fluxus</strong></span> <span class='ocrx_word' id='word_1_289' title='bbox 858 3824 1047 3889; x_wconf 84' lang='lat' dir='ltr'><strong>successivos</strong></span> <span class='ocrx_word' id='word_1_290' title='bbox 1071 3824 1193 3889; x_wconf 88' lang='lat' dir='ltr'><strong>circiter</strong></span> <span class='ocrx_word' id='word_1_291' title='bbox 1218 3832 1267 3889; x_wconf 79' lang='lat'><strong>12.</strong></span> <span class='ocrx_word' id='word_1_292' title='bbox 1289 3823 1357 3889; x_wconf 87' lang='lat' dir='ltr'><strong>bor.</strong></span> <span class='ocrx_word' id='word_1_293' title='bbox 1379 3827 1441 3889; x_wconf 77' lang='lat' dir='ltr'><strong>at‘.</strong></span> 
     </span>
     <span class='ocr_line' id='line_1_33' title="bbox 152 3906 1442 4020; baseline 0.002 -26"><span class='ocrx_word' id='word_1_294' title='bbox 152 3906 417 4015; x_wconf 66' lang='lat' dir='ltr'><strong>deprehendatur.</strong></span> <span class='ocrx_word' id='word_1_295' title='bbox 448 3930 549 4017; x_wconf 55' lang='lat' dir='ltr'><strong>⁴Huic</strong></span> <span class='ocrx_word' id='word_1_296' title='bbox 570 3929 646 3995; x_wconf 80' lang='lat' dir='ltr'><strong>verb</strong></span> <span class='ocrx_word' id='word_1_297' title='bbox 666 3931 885 4014; x_wconf 87' lang='lat' dir='ltr'><strong>pbaenomeno,</strong></span> <span class='ocrx_word' id='word_1_298' title='bbox 910 3934 937 3997; x_wconf 90' lang='lat' dir='ltr'><strong>si</strong></span> <span class='ocrx_word' id='word_1_299' title='bbox 958 3934 1014 3997; x_wconf 93' lang='lat' dir='ltr'><strong>ulli</strong></span> <span class='ocrx_word' id='word_1_300' title='bbox 1035 3934 1096 4012; x_wconf 85' lang='lat' dir='ltr'><strong>alii,</strong></span> <span class='ocrx_word' id='word_1_301' title='bbox 1118 3956 1177 4020; x_wconf 83' lang='lat' dir='ltr'><strong>per</strong></span> <span class='ocrx_word' id='word_1_302' title='bbox 1196 3935 1348 4001; x_wconf 84' lang='lat' dir='ltr'><strong>dreoriam</strong></span> <span class='ocrx_word' id='word_1_303' title='bbox 1367 3956 1442 3998; x_wconf 87' lang='lat' dir='ltr'><strong>nos·</strong></span> 
     </span>
     <span class='ocr_line' id='line_1_34' title="bbox 153 4035 1442 4129; baseline 0.005 -28"><span class='ocrx_word' id='word_1_304' title='bbox 153 4050 236 4101; x_wconf 90' lang='lat' dir='ltr'><strong>tram</strong></span> <span class='ocrx_word' id='word_1_305' title='bbox 249 4035 429 4122; x_wconf 78' lang='lat' dir='ltr'><strong>plenissime</strong></span> <span class='ocrx_word' id='word_1_306' title='bbox 444 4050 491 4100; x_wconf 90' lang='lat' dir='ltr'><strong>est</strong></span> <span class='ocrx_word' id='word_1_307' title='bbox 505 4037 707 4116; x_wconf 84' lang='lat' dir='ltr'><strong>satisfactum,</strong></span> <span class='ocrx_word' id='word_1_308' title='bbox 728 4039 783 4101; x_wconf 92' lang='lat' dir='ltr'><strong>ubi</strong></span> <span class='ocrx_word' id='word_1_309' title='bbox 802 4040 994 4105; x_wconf 88' lang='lat' dir='ltr'><strong>ostendimus</strong></span> <span class='ocrx_word' id='word_1_310' title='bbox 1008 4042 1177 4107; x_wconf 82' lang='lat' dir='ltr'><strong>maximam</strong></span> <span class='ocrx_word' id='word_1_311' title='bbox 1192 4066 1282 4129; x_wconf 85' lang='lat' dir='ltr'><strong>aquae</strong></span> <span class='ocrx_word' id='word_1_312' title='bbox 1297 4044 1442 4107; x_wconf 85' lang='lat' dir='ltr'><strong>elevatio·</strong></span> 
     </span>
     <span class='ocr_line' id='line_1_35' title="bbox 152 4130 1442 4235; baseline 0.006 -27"><span class='ocrx_word' id='word_1_313' title='bbox 152 4166 229 4209; x_wconf 89' lang='lat' dir='ltr'><strong>nem</strong></span> <span class='ocrx_word' id='word_1_314' title='bbox 250 4142 359 4207; x_wconf 90' lang='lat' dir='ltr'><strong>deberi</strong></span> <span class='ocrx_word' id='word_1_315' title='bbox 381 4144 524 4207; x_wconf 89' lang='lat' dir='ltr'><strong>transitui</strong></span> <span class='ocrx_word' id='word_1_316' title='bbox 544 4146 647 4209; x_wconf 84' lang='lat' dir='ltr'><strong>Luuae</strong></span> <span class='ocrx_word' id='word_1_317' title='bbox 668 4168 726 4231; x_wconf 87' lang='lat' dir='ltr'><strong>per</strong></span> <span class='ocrx_word' id='word_1_318' title='bbox 742 4147 950 4211; x_wconf 78' lang='lat' dir='ltr'><strong>meridiantun</strong></span> <span class='ocrx_word' id='word_1_319' title='bbox 964 4160 1028 4213; x_wconf 89' lang='lat' dir='ltr'><strong>tam</strong></span> <span class='ocrx_word' id='word_1_320' title='bbox 1043 4130 1137 4234; x_wconf 84' lang='lat' dir='ltr'><strong>supra</strong></span> <span class='ocrx_word' id='word_1_321' title='bbox 1152 4147 1245 4235; x_wconf 82' lang='lat' dir='ltr'><strong>quaim</strong></span> <span class='ocrx_word' id='word_1_322' title='bbox 1266 4149 1347 4214; x_wconf 87' lang='lat' dir='ltr'><strong>infra</strong></span> <span class='ocrx_word' id='word_1_323' title='bbox 1361 4152 1442 4216; x_wconf 90' lang='lat' dir='ltr'><strong>Ter·</strong></span> 
     </span>
     <span class='ocr_line' id='line_1_36' title="bbox 151 4248 1443 4345; baseline 0.011 -32"><span class='ocrx_word' id='word_1_324' title='bbox 151 4272 239 4314; x_wconf 84' lang='lat' dir='ltr'><strong>ram:</strong></span> <span class='ocrx_word' id='word_1_325' title='bbox 262 4272 304 4313; x_wconf 87' lang='lat' dir='ltr'><strong>ex</strong></span> <span class='ocrx_word' id='word_1_326' title='bbox 318 4271 381 4335; x_wconf 93' lang='lat' dir='ltr'><strong>quo</strong></span> <span class='ocrx_word' id='word_1_327' title='bbox 396 4248 468 4314; x_wconf 84' lang='lat' dir='ltr'><strong>crim</strong></span> <span class='ocrx_word' id='word_1_328' title='bbox 484 4250 578 4345; x_wconf 81' lang='lat' dir='ltr'><strong>Luna</strong></span> <span class='ocrx_word' id='word_1_329' title='bbox 591 4252 654 4317; x_wconf 77' lang='lat' dir='ltr'><strong>uni</strong></span> <span class='ocrx_word' id='word_1_330' title='bbox 669 4255 862 4324; x_wconf 86' lang='lat' dir='ltr'><strong>revolutione</strong></span> <span class='ocrx_word' id='word_1_331' title='bbox 876 4254 988 4321; x_wconf 78' lang='lat' dir='ltr'><strong>diurnt</strong></span> <span class='ocrx_word' id='word_1_332' title='bbox 1004 4257 1052 4321; x_wconf 93' lang='lat' dir='ltr'><strong>bis</strong></span> <span class='ocrx_word' id='word_1_333' title='bbox 1066 4259 1106 4322; x_wconf 90' lang='lat' dir='ltr'><strong>ad</strong></span> <span class='ocrx_word' id='word_1_334' title='bbox 1121 4258 1259 4343; x_wconf 86' lang='lat' dir='ltr'><strong>ejusdem</strong></span> <span class='ocrx_word' id='word_1_335' title='bbox 1273 4259 1335 4325; x_wconf 91' lang='lat' dir='ltr'><strong>loci</strong></span> <span class='ocrx_word' id='word_1_336' title='bbox 1348 4264 1443 4327; x_wconf 91' lang='lat' dir='ltr'><strong>meri-</strong></span> 
     </span>
     <span class='ocr_line' id='line_1_37' title="bbox 155 4359 1442 4457; baseline 0.005 -33"><span class='ocrx_word' id='word_1_337' title='bbox 155 4360 286 4425; x_wconf 87' lang='lat' dir='ltr'><strong>dianum</strong></span> <span class='ocrx_word' id='word_1_338' title='bbox 300 4359 437 4443; x_wconf 90' lang='lat' dir='ltr'><strong>appellat</strong></span> <span class='ocrx_word' id='word_1_339' title='bbox 451 4360 615 4423; x_wconf 88' lang='lat' dir='ltr'><strong>intervallo</strong></span> <span class='ocrx_word' id='word_1_340' title='bbox 631 4364 779 4447; x_wconf 89' lang='lat' dir='ltr'><strong>temporis</strong></span> <span class='ocrx_word' id='word_1_341' title='bbox 793 4364 915 4428; x_wconf 87' lang='lat' dir='ltr'><strong>circiter</strong></span> <span class='ocrx_word' id='word_1_342' title='bbox 934 4372 972 4428; x_wconf 76' lang='grc'><strong>12</strong></span> <span class='ocrx_word' id='word_1_343' title='bbox 987 4364 1056 4429; x_wconf 90' lang='lat' dir='ltr'><strong>hor.</strong></span> <span class='ocrx_word' id='word_1_344' title='bbox 1073 4369 1134 4429; x_wconf 73' lang='lat' dir='ltr'><strong>at‘.</strong></span> <span class='ocrx_word' id='word_1_345' title='bbox 1150 4367 1325 4433; x_wconf 77' lang='lat' dir='ltr'><strong>necessarii&gt;</strong></span> <span class='ocrx_word' id='word_1_346' title='bbox 1340 4370 1442 4457; x_wconf 88' lang='lat' dir='ltr'><strong>sequi·</strong></span> 
     </span>
     <span class='ocr_line' id='line_1_38' title="bbox 150 4468 1442 4563; baseline 0.005 -30"><span class='ocrx_word' id='word_1_347' title='bbox 150 4484 205 4534; x_wconf 89' lang='lat' dir='ltr'><strong>tur</strong></span> <span class='ocrx_word' id='word_1_348' title='bbox 226 4468 289 4533; x_wconf 77' lang='lat' dir='ltr'><strong>uni</strong></span> <span class='ocrx_word' id='word_1_349' title='bbox 312 4468 506 4533; x_wconf 87' lang='lat' dir='ltr'><strong>revolutione</strong></span> <span class='ocrx_word' id='word_1_350' title='bbox 525 4468 628 4533; x_wconf 83' lang='lat' dir='ltr'><strong>Lunae</strong></span> <span class='ocrx_word' id='word_1_351' title='bbox 642 4473 725 4535; x_wconf 90' lang='lat' dir='ltr'><strong>circa</strong></span> <span class='ocrx_word' id='word_1_352' title='bbox 747 4472 880 4536; x_wconf 89' lang='lat' dir='ltr'><strong>Terram</strong></span> <span class='ocrx_word' id='word_1_353' title='bbox 896 4473 985 4537; x_wconf 76' lang='lat' dir='ltr'><strong>buius</strong></span> <span class='ocrx_word' id='word_1_354' title='bbox 999 4475 1103 4538; x_wconf 88' lang='lat' dir='ltr'><strong>fluxus</strong></span> <span class='ocrx_word' id='word_1_355' title='bbox 1118 4488 1205 4541; x_wconf 91' lang='lat' dir='ltr'><strong>tauto</strong></span> <span class='ocrx_word' id='word_1_356' title='bbox 1221 4488 1361 4563; x_wconf 91' lang='lat' dir='ltr'><strong>tempore</strong></span> <span class='ocrx_word' id='word_1_357' title='bbox 1375 4502 1394 4541; x_wconf 91' lang='lat' dir='ltr'><strong>a</strong></span> <span class='ocrx_word' id='word_1_358' title='bbox 1408 4500 1442 4541; x_wconf 90' lang='lat' dir='ltr'><strong>se</strong></span> 
     </span>
     <span class='ocr_line' id='line_1_39' title="bbox 152 4574 1442 4668; baseline 0.005 -27"><span class='ocrx_word' id='word_1_359' title='bbox 152 4576 289 4641; x_wconf 88' lang='lat' dir='ltr'><strong>invicem</strong></span> <span class='ocrx_word' id='word_1_360' title='bbox 301 4574 426 4638; x_wconf 91' lang='lat' dir='ltr'><strong>dissitos</strong></span> <span class='ocrx_word' id='word_1_361' title='bbox 441 4576 517 4639; x_wconf 92' lang='lat' dir='ltr'><strong>oriri</strong></span> <span class='ocrx_word' id='word_1_362' title='bbox 533 4576 657 4655; x_wconf 86' lang='lat' dir='ltr'><strong>debere,</strong></span> <span class='ocrx_word' id='word_1_363' title='bbox 681 4577 942 4662; x_wconf 90' lang='lat' dir='ltr'><strong>quemadmodum</strong></span> <span class='ocrx_word' id='word_1_364' title='bbox 958 4578 1020 4643; x_wconf 93' lang='lat' dir='ltr'><strong>hoc</strong></span> <span class='ocrx_word' id='word_1_365' title='bbox 1034 4581 1138 4664; x_wconf 91' lang='lat' dir='ltr'><strong>ipsum</strong></span> <span class='ocrx_word' id='word_1_366' title='bbox 1153 4584 1289 4648; x_wconf 84' lang='lat' dir='ltr'><strong>calculus</strong></span> <span class='ocrx_word' id='word_1_367' title='bbox 1305 4598 1367 4647; x_wconf 78' lang='lat' dir='ltr'><strong>tarn</strong></span> <span class='ocrx_word' id='word_1_368' title='bbox 1382 4606 1442 4668; x_wconf 91' lang='lat' dir='ltr'><strong>pro</strong></span> 
     </span>
    </p>

    <p class='ocr_par' dir='ltr' id='par_1_7' title="bbox 151 4687 1450 4846">
     <span class='ocr_line' id='line_1_40' title="bbox 151 4687 1450 4779; baseline 0.011 -29"><span class='ocrx_word' id='word_1_369' title='bbox 151 4687 319 4774; x_wconf 79' lang='lat' dir='ltr'><strong>hypothesi</strong></span> <span class='ocrx_word' id='word_1_370' title='bbox 335 4711 425 4776; x_wconf 86' lang='lat' dir='ltr'><strong>aquae</strong></span> <span class='ocrx_word' id='word_1_371' title='bbox 446 4690 555 4755; x_wconf 81' lang='lat' dir='ltr'><strong>inertii</strong></span> <span class='ocrx_word' id='word_1_372' title='bbox 571 4691 714 4771; x_wconf 87' lang='lat' dir='ltr'><strong>carentis,</strong></span> <span class='ocrx_word' id='word_1_373' title='bbox 733 4690 827 4779; x_wconf 75' lang='lat' dir='ltr'><strong>quim</strong></span> <span class='ocrx_word' id='word_1_374' title='bbox 841 4690 975 4756; x_wconf 78' lang='lat' dir='ltr'><strong>admissi</strong></span> <span class='ocrx_word' id='word_1_375' title='bbox 997 4692 1118 4773; x_wconf 77' lang='lat' dir='ltr'><strong>inertii,</strong></span> <span class='ocrx_word' id='word_1_376' title='bbox 1135 4693 1302 4760; x_wconf 75' lang='lat' dir='ltr'><strong>clarissime</strong></span> <span class='ocrx_word' id='word_1_377' title='bbox 1323 4694 1450 4765; x_wconf 72' lang='lat' dir='ltr'><strong>indica,</strong></span> 
     </span>
     <span class='ocr_line' id='line_1_41' title="bbox 779 4800 826 4846; baseline 0 0"><span class='ocrx_word' id='word_1_378' title='bbox 779 4800 826 4846; x_wconf 85' lang='lat' dir='ltr'><strong>za</strong></span> 
     </span>
    </p>
   </div>
   <div class='ocr_carea' id='block_1_5' title="bbox 0 0 1709 5459">
    <p class='ocr_par' dir='ltr' id='par_1_8' title="bbox 0 0 1709 5459">
     <span class='ocr_line' id='line_1_42' title="bbox 0 0 1709 5459; baseline 0 0"><span class='ocrx_word' id='word_1_379' title='bbox 0 0 1709 5459; x_wconf 95' lang='lat' dir='ltr'><strong> </strong></span> 
     </span>
    </p>
   </div>
  </div>
 </body>
</html>
