3384 5459
521 390 862 468 PHILOSOPHIAE
884 390 1158 458 NATURALIS
1189 390 1264 469 [Du
1274 379 1396 452 llluuu.
1409 386 1503 453 Srsr.

477 735 760 803 PROPOSITIO
787 734 850 797 IX.
895 728 1167 796 THEOREMA
1189 728 1252 792 lX.

222 932 413 998 Gravitatem
436 930 591 1011 pergendo
618 950 639 989 a
664 926 868 1009 superficiebus
891 926 1087 1007 planetarum
1116 924 1248 984 deorsum
1275 924 1438 985 decrescere
1469 924 1504 984 in

481 1037 601 1097 ratione
616 1034 829 1097 distantiarum
843 1054 864 1093 a
878 1041 979 1094 centro
993 1051 1081 1112 quum
1097 1025 1245 1111 proximi.

265 1250 299 1315 Si
322 1242 451 1311 materia
473 1243 607 1328 planetes
627 1240 731 1327 quood
752 1239 936 1304 densitatem
957 1236 1122 1301 uniformis
1145 1248 1235 1312 esset,
1259 1233 1413 1298 obtineret
1432 1234 1504 1295 baeo

221 1356 398 1441 Propositio
416 1348 579 1417 scemate:
601 1370 660 1433 per
682 1348 778 1431 Prop.
800 1345 969 1411 LXXIII.
993 1344 1065 1408 Lib.
1089 1344 1116 1407 l.
1161 1342 1260 1408 Error
1283 1341 1377 1429 igitur
1398 1352 1504 1403 tantus

220 1476 273 1540 est,
290 1473 423 1547 quantus
438 1455 669 1543 ebinaequebili
684 1454 835 1518 densitate
853 1452 929 1516 oriri
943 1451 1052 1535 possit.

490 1730 774 1799 PROPOSITIO
800 1728 845 1797 X.
891 1728 1164 1795 THEOREMA
1185 1728 1232 1793 X.

390 1926 494 1991 Motus
510 1929 704 2008 planetarum
726 1928 760 1989 in
775 1926 857 1989 cerlis
871 1919 1036 1988 diutissime*
1049 1926 1221 1987 resecari
1231 1945 1330 2005 posse.

262 2132 301 2195 In
321 2128 441 2196 scholio
458 2130 684 2216 Propositionis
700 2130 775 2194 XL
794 2131 866 2194 Lib.
884 2128 929 2195 II.
945 2143 1102 2196 ostensum
1116 2131 1262 2215 estquod
1279 2132 1391 2217 globus
1413 2152 1504 2217 aqute

136 2232 140 2237 ¹
218 2240 399 2327 congelatae,
426 2240 458 2303 in
482 2244 553 2303 aire
575 2251 683 2305 nostro
697 2238 794 2304 libere
809 2239 966 2303 movendo
980 2253 1012 2303 et
1025 2238 1255 2325 longitudinem
1269 2238 1505 2302 semi-diametri

219 2370 283 2411 suae
307 2347 522 2425 describend0,
548 2368 588 2413 ex
610 2346 783 2411 resistentib
805 2347 885 2411 airis
906 2348 1062 2412 amitteret
1081 2346 1184 2410 motirs
1205 2348 1253 2409 sui
1273 2361 1395 2430 partem
1413 2350 1503 2433 3¹53.

220 2454 352 2520 Obtinet
362 2466 468 2519 eutem
480 2456 590 2520 eedem
603 2456 765 2540 proportio
781 2478 873 2541 quem
889 2454 1032 2538 proxime
1047 2456 1079 2517 in
1093 2456 1196 2543 globis
1210 2468 1368 2541 utcunque
1382 2456 1506 2543 mugnis

217 2580 250 2631 et
260 2565 430 2630 velocibus
446 2564 516 2631 Jum
528 2588 603 2629 vero
613 2565 744 2652 globum
756 2564 867 2629 Terrae
876 2577 993 2628 nostrae
1004 2564 1182 2629 densiorem
1192 2586 1269 2636 esse,
1281 2562 1375 2648 quim
1385 2564 1413 2627 si
1420 2577 1506 2627 totus

217 2696 257 2737 ex
272 2672 351 2761 aqui
370 2684 535 2750 constaret,
560 2674 605 2737 sic
626 2672 749 2759 colligo.
796 2673 831 2737 Si
845 2672 957 2759 globus
971 2673 1061 2739 hicce
1076 2686 1159 2737 totus
1174 2686 1254 2736 esset
1269 2693 1398 2757 aqueus,
1418 2694 1505 2755 quse-

217 2802 339 2866 cnnque
354 2763 487 2843 'rariore
509 2794 613 2844 essent
635 2778 730 2865 quim
753 2801 844 2865 eque,
871 2780 913 2843 ob
937 2781 1092 2844 minorem
1117 2780 1295 2864 specificam
1319 2779 1504 2867 gravitatem

216 2902 412 2975 emergerent
424 2902 455 2952 et
466 2900 710 2971 supernemrent.
735 2888 845 2973 Eique
855 2887 897 2951 de
908 2888 1001 2953 causi
1010 2887 1122 2975 globus
1133 2901 1252 2953 terreus
1263 2888 1352 2972 equis
1367 2885 1506 2971 undique

217 3008 393 3076 coopertus,
418 2994 444 3055 si
466 2992 565 3055 rarior
586 3002 667 3054 esset
689 2990 782 3077 quim
805 3014 897 3080 eque,
920 3004 1095 3081 emergeret
1114 2992 1238 3071 alicubi,
1262 3006 1297 3056 et
1309 3014 1390 3078 eque
1404 2991 1505 3055 omnis

217 3100 292 3164 inde
306 3100 447 3163 defluens
462 3113 707 3187 congregaretur
721 3101 754 3161 in
768 3104 897 3189 regione
910 3102 1064 3187 oppositi.
1111 3102 1153 3165 Et
1166 3125 1224 3187 per
1237 3121 1285 3166 est
1299 3103 1378 3166 ratio
1393 3102 1506 3165 Terrae

218 3218 333 3275 nostre
355 3204 494 3269 maribus
509 3204 625 3297 magnei
638 3230 681 3274 ex
694 3222 784 3293 purte
798 3208 1010 3273 circumdutae.
1056 3209 1139 3273 Haec
1154 3210 1181 3273 si
1195 3210 1321 3273 deruior
1334 3231 1399 3271 non
1411 3221 1504 3285 esset,

219 3326 393 3403 emergeret
415 3338 455 3381 ex
476 3316 626 3393 maribus,
650 3328 682 3381 et
702 3328 791 3400 parte
813 3316 861 3379 sui
883 3337 942 3400 pro
960 3314 1061 3403 gradu
1075 3314 1208 3380 levitatis
1224 3329 1343 3380 exteret
1357 3338 1398 3379 ex
1412 3314 1504 3401 equi,

218 3426 357 3490 maribus
372 3426 516 3490 omrribus
530 3426 564 3489 in
580 3427 740 3513 regionem
755 3427 933 3511 oppositum
946 3426 1182 3491 confluentibus.

263 3532 386 3597 Eodem
409 3544 595 3620 argumento
625 3534 664 3617 (Ρ)
688 3532 819 3597 meculre
849 3534 965 3597 soleres
993 3533 1125 3597 leviores
1155 3545 1227 3597 sunt
1252 3528 1347 3619 quim
1374 3530 1506 3595 materia

218 3638 321 3705 lucide
335 3638 444 3705 soleris
459 3640 510 3703 cui
524 3652 736 3725 supernatant.
785 3638 828 3703 Et
841 3638 875 3702 in
890 3638 1074 3703 formatione
1088 3638 1297 3726 qualicunque
1310 3638 1507 3723 planetarum

251 3842 286 3906 (ν)
308 3848 346 3891 69.
372 3846 480 3893 Mercede
500 3842 588 3891 solarer.
636 3842 660 3890 st
683 3841 742 3889 redii
762 3841 849 3891 soleres
879 3841 1016 3905 ducumque
1029 3841 1090 3889 Solis
1099 3851 1205 3905 tangens,
1217 3842 1316 3890 runculo
1325 3842 1425 3889 orbium
1436 3848 1507 3896 καί,

219 3906 343 3965 teleeropio
363 3906 456 3955 duobus
477 3906 541 3954 vitris
562 3906 674 3953 Instructo
695 3905 847 3966 excipientur,
879 3915 903 3953 et
920 3904 991 3953 ducti
1008 3906 1032 3953 Τ
1044 3906 1101 3955 Gc
1123 3906 1201 3954 Solem
1217 3921 1310 3968 quoque
1327 3916 1445 3967 tangente,
1465 3920 1508 3964 per

219 3968 330 4031 locusque
340 3971 517 4032 circumpositus
528 3972 668 4023 obscuretur,
685 3970 775 4017 invem
787 3968 847 4017 Solis
881 3968 941 4017 Solis
955 3969 1100 4031 superficiem
1115 3966 1278 4017 mnmmmodb
1292 3969 1399 4030 progredi
1416 3967 1506 4015 ridere-

219 4030 298 4094 imago
309 4032 379 4093 sopri
390 4037 492 4083 chartam
502 4034 531 4082 ud
546 4050 616 4082 erem
627 4033 743 4094 teleecopii
754 4048 847 4079 norme·
879 4042 925 4089 tur,
942 4032 1047 4095 quondirl
1059 4032 1195 4080 describeret
1209 4048 1290 4080 arcum
1308 4034 1331 4080 E
1342 4033 1366 4079 G
1378 4031 1421 4094 qui
1436 4032 1506 4079 semi-

220 4096 267 4143 lem
291 4095 402 4158 pingitur,
426 4108 449 4145 et
470 4098 568 4147 meculae
590 4097 770 4157 conspiciuntur,
794 4112 847 4159 qun
878 4096 1009 4157 peripherii
1019 4095 1259 4158 minoraeidetque
1269 4112 1337 4143 arcus
1350 4096 1391 4143 ille
1401 4106 1506 4155 tempore

220 4173 284 4271 ppuc
297 4175 427 4271 liprelrlgere,
450 4176 670 4272 nummi&
691 4164 850 4271 obseruppptueri
879 4160 1438 4271 quwijui‘fiffminmffigtmfflioem’
1459 4159 1507 4207 Sed

153 4268 157 4277 ,
252 4238 295 4270 scu
345 4239 487 4272 rasmmu
511 4241 530 4271 n
564 4240 632 4272 soen
648 4239 747 4283 superne
811 4238 825 4268 v
880 4238 910 4270 ex
976 4240 999 4270 rr
1033 4240 1071 4271 om
1088 4236 1210 4271 usnotum
1282 4240 1335 4270 uem
1362 4238 1506 4270 mmmm·

221 4286 303 4334 sultem
317 4288 365 4335 Soli
376 4290 448 4351 quim
458 4288 574 4349 proximas
584 4304 633 4335 esse
644 4296 732 4335 certum
744 4296 786 4333 est.
878 4287 914 4335 les
924 4287 983 4334 dues
996 4297 1038 4334 sut
1048 4298 1094 4334 tres
1106 4289 1208 4351 integras
1224 4240 1330 4348 perbdos
1336 4240 1462 4335 ibsolrisse
1472 4290 1503 4333 27

256 4350 291 4399 Sit
301 4351 364 4400 enim
378 4354 418 4401 Sol
429 4352 452 4397 in
465 4354 489 4409 S,
501 4368 529 4399 ex
539 4352 635 4399 Tellure
647 4352 669 4399 T
680 4352 741 4397 visus
752 4352 795 4397 sub
806 4365 847 4397 an-
880 4350 972 4398 dierunt
990 4350 1064 4412 spetio
1081 4350 1150 4413 etque
1171 4351 1218 4413 134
1235 4351 1284 4397 dies
1296 4349 1437 4413 impendisse
1450 4359 1478 4397 ut
1491 4363 1507 4395 ι

240 4413 280 4461 ulo
298 4416 323 4462 D
336 4418 359 4465 T
371 4416 392 4465 C
405 4416 449 4464 gy,
485 4416 510 4463 Si
526 4415 618 4463 macule
634 4415 732 4463 orbium
747 4414 850 4477 aliquem
879 4414 953 4461 Ilmbo
969 4413 1105 4461 occidentali
1126 4414 1186 4461 Solis
1204 4416 1234 4460 ed
1253 4414 1352 4461 limbum
1370 4410 1508 4461 orientalem

222 4432 327 4527 lruG
339 4480 366 4529 n
384 4478 448 4528 extri
467 4479 527 4527 Solis
542 4478 685 4539 superficiem
703 4479 847 4534 describeret,
881 4478 1041 4538 pervenirem5
1067 4477 1162 4524 illarum
1183 4476 1241 4539 ‹trgi›
1261 4477 1407 4524 membrum
1427 4477 1508 4535 orbita

223 4556 273 4589 non
284 4541 400 4593 rideretur
411 4543 471 4593 Solis
481 4543 571 4590 discum
583 4542 674 4605 ingredi
685 4552 808 4604 antequem
819 4540 851 4588 ud
881 4540 919 4588 rel
934 4541 960 4585 in
974 4540 1025 4601 ipsi
1039 4540 1161 4599 expertein
1174 4540 1243 4590 soleri
1259 4542 1393 4598 utiterum,
1409 4540 1447 4588 vel
1459 4540 1509 4589 Soli

226 4606 249 4654 Ε
268 4608 407 4669 peruenisset
422 4608 462 4658 ubi
475 4616 537 4655 recto
549 4604 607 4653 TE
621 4606 646 4653 D
657 4621 685 4651 ex
698 4604 851 4653 Terri'ducte
881 4602 979 4653 fuerunt
989 4603 1107 4667 pmximae.
