3384 5459
394 409 585 481 FLUXUS
607 412 668 479 Ac
694 412 950 481 REFLUXUS
974 414 1134 481 MARIS.
1342 424 1405 487 287

118 578 224 664 ipsum
236 581 400 645 meridiem
413 582 549 659 incidot3
571 585 642 668 ipso
655 606 781 670 quoque
794 586 936 651 meridiei
955 600 1114 651 momento
1127 586 1264 651 maxima
1279 587 1406 655 habebi-

120 702 173 753 tur
188 712 278 775 equae
293 691 443 767 elevati03
466 694 643 778 pariterque
656 693 684 757 si
705 694 739 756 id
753 695 875 757 eveniat
888 694 990 759 mediis
1006 709 1107 772 nocte,
1130 696 1241 761 eodem
1256 696 1325 780 ipso
1339 719 1407 761 mo·

116 814 227 863 mento
246 822 329 887 equa
349 793 520 865 maximam
540 804 696 867 obtinebit
715 805 929 869 elevationem.
974 803 1093 869 Vertlm
1107 791 1136 869 si
1157 806 1335 889 conjunctio
1357 807 1406 877 vel

117 912 276 995 oppositio
291 910 497 977 'luminarium
519 914 681 979 meridiem
705 916 756 978 vel
780 916 938 1000 precedat
961 915 1010 979 vel
1031 927 1188 1001 sequatur,
1211 926 1278 978 mm
1302 915 1405 983 fluxus

116 1040 183 1082 ιιοιι
204 1020 238 1083 iu
258 1020 365 1105 ipsum
385 1022 548 1087 meridiem
569 1023 695 1100 incidet,
719 1024 774 1087 sed
795 1024 847 1087 vel
864 1020 983 1088 tarditls
1005 1024 1052 1086 vel
1081 1020 1170 1087 citius
1193 1023 1304 1100 veniet,
1332 1024 1406 1109 quia
1522 1072 1530 1089 .

118 1125 215 1190 Luna
235 1126 286 1190 his
308 1128 432 1192 casibus
453 1134 601 1214 tanquam
621 1130 770 1215 primaria
789 1130 884 1194 oesms
899 1152 993 1195 causa
1007 1130 1057 1193 vel
1076 1141 1149 1214 post
1162 1128 1211 1193 vel
1225 1142 1300 1195 aute
1312 1133 1405 1195 meri·

116 1232 203 1296 diem
226 1233 267 1297 ad
288 1235 498 1299 meridianum
520 1236 679 1324 pertingit.
724 1239 830 1323 Atque
844 1237 919 1301 hinc
933 1260 972 1301 eo
986 1236 1047 1315 die,
1070 1238 1104 1299 in
1120 1258 1213 1322 quem
1226 1238 1405 1323 sivepleni-

116 1343 241 1408 lunium
255 1344 321 1407 sive
334 1345 529 1409 novilunium
542 1345 662 1423 incidit,
676 1345 766 1411 facile
778 1347 896 1429 poterit
910 1346 1033 1410 deliniri
1047 1345 1229 1411 acceleratio
1243 1346 1292 1411 vel
1307 1360 1406 1413 reter-

117 1449 206 1513 datio
228 1450 334 1514 fluxis
357 1464 502 1535 respectu
523 1451 674 1517 meridiei.
730 1452 890 1517 Ponamus
910 1453 994 1517 enim
1014 1451 1209 1517 novilunium
1229 1476 1284 1517 seu
1301 1454 1405 1537 pleni.

116 1558 240 1621 lunium
254 1559 407 1623 celebrari
421 1582 444 1624 ιι
458 1560 545 1624 horis
558 1574 632 1625 ante
645 1562 816 1639 meridiem,
833 1561 1002 1627 undecim
1016 1574 1120 1629 motus
1135 1563 1237 1629 Lm
1251 1565 1371 1631 medius
1385 1590 1406 1632 o

118 1669 193 1733 Sole
208 1668 339 1733 diurnus
355 1671 395 1733 sit
412 1678 476 1734 12⁰.
491 1670 624 1748 circiter,
647 1670 716 1755 ipso
728 1671 860 1735 meridie
876 1672 968 1736 Lune
981 1694 1001 1736 a
1015 1671 1187 1740 meridiano
1197 1674 1262 1756 jam
1277 1672 1405 1747 distabit

116 1816 235 1905 angulo
254 1817 380 1883 horario
397 1800 541 1945 {grad
557 1818 663 1884 versiis
684 1831 798 1897 ortum,
822 1843 862 1887 ex
880 1844 942 1907 quo
966 1820 1058 1885 Luna
1079 1832 1152 1907 post
1174 1822 1333 1890 meridiem
1349 1822 1405 1889 de-

116 2050 205 2093 mum
218 2052 277 2114 per
291 2030 497 2095 meridianum
512 2030 664 2112 transibit,
682 2030 792 2120 elapsis
810 2016 852 2160 di)
867 2032 954 2095 horis
977 2054 1032 2096 seu
1054 2040 1107 2098 21¹
1140 2031 1268 2096 minutis
1285 2032 1403 2116 primis.

119 2201 178 2265 Sin
192 2212 298 2265 autem
311 2202 504 2267 novilunium
518 2202 766 2288 pleniluniumve
779 2203 902 2266 accidat
914 2225 936 2265 ιι
950 2202 1038 2269 horis
1057 2213 1130 2287 post
1143 2204 1315 2285 meridiem,
1338 2218 1406 2274 tum

119 2309 215 2370 maris
229 2308 367 2372 maxima
388 2308 520 2378 elevatio
541 2318 599 2373 211
621 2310 748 2373 nunutis
761 2322 834 2373 ante
851 2309 1012 2377 meridiem
1027 2312 1156 2379 eveniet
1203 2312 1286 2379 Haec
1301 2326 1406 2381 sutem

118 2430 278 2480 momenta
290 2417 521 2481 accuratissime
535 2432 772 2505 cognoscentur,
797 2418 823 2481 si
842 2417 883 2481 sd
898 2418 1036 2503 singulos
1051 2418 1116 2483 dies
1131 2419 1279 2485 eumin
1303 2420 1406 2487 Line

116 2548 176 2611 per
189 2526 397 2591 meridianum
411 2539 650 2611 computentur3
671 2548 709 2590 ac
721 2538 874 2611 preterea
887 2538 950 2589 tam
964 2539 1051 2591 ortus
1065 2524 1159 2611 quim
1173 2548 1302 2591 occasus
1315 2542 1407 2595 note·

116 2646 180 2709 tur,
205 2633 321 2717 quippe
343 2631 457 2718 quibus
478 2632 644 2699 motnentis
664 2630 801 2694 maxima
819 2650 910 2715 aquae
925 2629 1084 2714 depressio
1099 2631 1285 2714 respondem
1307 2634 1408 2718 mejo-

116 2763 186 2804 rem
210 2755 316 2804 autem
339 2741 519 2826 hujusmodi
543 2742 649 2805 unns
673 2739 782 2804 afferet
806 2730 979 2818 utilitatem,
1007 2740 1033 2806 si
1057 2740 1186 2825 insuper
1214 2742 1323 2827 quovis
1353 2742 1405 2809 die

116 2850 266 2914 distantia
280 2850 383 2917 Lunae
397 2874 416 2913 a
431 2849 532 2915 Tarni
553 2849 728 2925 inducetur,
744 2849 861 2935 quippe
875 2871 895 2913 a
909 2847 969 2938 qut
986 2849 1087 2915 Lunae
1102 2848 1229 2917 effectus
1244 2847 1405 2935 precipui

117 2958 246 3043 pendet.
640 2992 645 3003 .
1270 3030 1275 3044 ,

161 3072 186 3149 i.
203 3078 256 3132 60.
280 3068 470 3155 congruunt
490 3068 560 3133 haec
575 3071 642 3155 jam
656 3067 798 3154 apprime
813 3088 885 3133 cum
900 3068 1179 3145 observationibus,
1201 3068 1316 3154 quibus
1331 3088 1407 3131 con·

119 3190 192 3255 stat,
208 3176 318 3242 diebus
332 3178 483 3243 novilunii
496 3180 546 3241 vel
566 3178 730 3263 plenilunii
750 3190 861 3242 aestum
876 3178 970 3243 maris
985 3178 1151 3243 accelerari
1166 3174 1407 3243 sinovssuainm

118 3287 365 3371 pleniluniumve
385 3298 458 3371 post
480 3286 641 3372 meridiem
666 3286 796 3361 accidat,
821 3283 931 3349 contri
949 3283 1024 3349 verb
1046 3283 1207 3349 retardari.
1253 3280 1406 3357 Quamvis

116 3396 203 3458 enim
218 3396 260 3459 ob
282 3415 371 3481 squae
392 3396 535 3458 inertiam
557 3396 694 3458 maxima
715 3393 809 3458 maris
829 3394 961 3458 elevou'o
980 3416 1044 3457 non
1059 3393 1248 3479 respondeat
1261 3389 1407 3475 appulaui

117 3502 220 3565 Lunae
235 3500 276 3564 ad
291 3500 506 3577 meridianum,
523 3500 577 3563 sed
592 3500 714 3563 tardius
728 3500 858 3575 eveniat,
871 3500 917 3563 uti
931 3512 1003 3583 post
1017 3500 1189 3575 docebitur,
1205 3510 1308 3567 umen
1320 3496 1408 3563 simi·

115 3611 198 3674 libus
214 3610 337 3675 casibus
353 3610 513 3696 aequaliter
528 3608 753 3684 retardabitur3
774 3630 835 3692 pro
849 3609 983 3672 termino
998 3608 1094 3693 igitur
1108 3606 1183 3684 lixo,
1201 3607 1226 3669 si
1244 3606 1286 3669 ad
1299 3606 1407 3673 obser·

115 3724 255 3784 vationes
272 3722 464 3805 respiciatur,
480 3742 545 3783 non
560 3722 641 3785 sumi
654 3721 748 3785 debet
761 3734 955 3785 momentum
970 3720 1122 3797 meridiei,
1138 3718 1193 3784 sed
1215 3720 1248 3783 id
1266 3734 1408 3785 momen·

114 3842 195 3904 tum,
218 3850 282 3913 quo
304 3830 332 3892 si
355 3828 456 3892 Lunoe
472 3850 544 3891 cum
562 3828 634 3892 Sole
650 3829 828 3913 conjunctio
841 3829 892 3891 vel
907 3829 1062 3913 oppositio
1079 3829 1112 3891 in
1124 3830 1228 3913 ipsum
1242 3826 1406 3897 meridiem

115 3942 237 4018 incidit,
261 3964 383 4005 summa
404 3963 495 4026 aquae
517 3940 647 4004 elevatio
669 3940 860 4004 observetur.
906 3940 982 4004 Hoc
1003 3939 1099 4025 igitur
1113 3949 1272 4002 momento
1286 3949 1405 4015 notato,

115 4050 163 4112 uti
179 4028 218 4111 ab
233 4049 270 4111 iis
285 4049 339 4134 qui
353 4046 534 4132 hujusmodi
548 4045 780 4111 observationes
795 4046 961 4110 instituunt
974 4045 1043 4109 fieri
1058 4044 1145 4121 solet,
1159 4045 1185 4107 si
1199 4043 1406 4128 plenilunium
1507 4126 1510 4133 Ι

114 4154 350 4217 noviluniumve
372 4154 423 4217 vel
445 4167 517 4217 ante
538 4152 588 4215 vel
609 4164 683 4237 post
703 4152 865 4216 meridiem
886 4151 1013 4228 incidat,
1029 4172 1152 4217 summa
1165 4151 1260 4217 mavis
1275 4149 1406 4215 elevatio

116 4260 167 4324 vel
189 4258 308 4324 tardius
329 4258 380 4322 vel
402 4256 493 4322 citius
514 4260 692 4345 continget:
716 4270 748 4321 et
763 4258 890 4343 quidem
905 4258 1030 4344 syzygia
1043 4278 1117 4321 vera
1130 4279 1153 4321 n
1168 4257 1254 4323 horis
1267 4258 1317 4321 vel
1332 4270 1408 4327 uite

114 4368 279 4433 meridiem
301 4368 423 4431 eveniat
444 4366 493 4431 vel
514 4380 596 4452 post,
621 4380 687 4430 tum
701 4368 806 4430 fluxus
829 4376 848 4430 2
865 4390 886 4429 ιι
908 4368 1035 4431 nunutis
1050 4368 1099 4431 vel
1115 4366 1233 4433 tordius
1247 4369 1297 4433 vel
1314 4366 1406 4437 cititia

115 4476 276 4541 observari
296 4473 431 4538 debebit.
478 4476 584 4559 Atque
597 4473 667 4539 hec
681 4487 778 4539 estes
800 4472 869 4556 ipsa
883 4474 991 4559 regula
1005 4495 1098 4559 qum
1113 4473 1211 4541 celeb.
1228 4474 1350 4541 Cossini
1371 4476 1405 4543 io

116 4584 218 4648 Mem.
234 4582 414 4646 Academico
439 4581 550 4665 Regiae
571 4600 630 4662 pro
647 4600 698 4641 an.
718 4586 810 4654 1710,
833 4602 875 4645 ex
890 4580 1125 4665 quamplurimis
1139 4580 1405 4651 observationibus

115 4697 200 4760 inter
222 4714 256 4757 se
276 4690 464 4774 comparatis
486 4689 654 4764 derivavit3
671 4686 765 4773 jubet
786 4686 903 4753 scilicet
924 4706 1089 4755 numerum
1110 4688 1268 4767 horarum,
1291 4686 1404 4775 quibus

735 4795 760 4843 Χ
778 4800 795 4842 2
