3384 5459
152 408 267 473 Lmen
279 407 459 490 Teucrus.)
504 406 745 476 PRINCIPIA
767 406 1136 476 MATHEMATICA.
1381 414 1422 471 45

147 581 186 665 (¹)
204 579 284 645 Aliis
303 580 337 643 in
359 581 480 649 casibus
495 580 641 647 distantia
654 592 834 649 centrorum
848 601 971 665 semper
984 579 1087 643 minor
1100 588 1158 642 est.
1203 576 1247 642 Et
1259 587 1426 661 propterea

144 684 221 751 crim
247 698 388 751 centrum
411 688 489 754 illud
512 688 671 777 gravitatis
693 685 846 775 perpetui»
870 686 1010 773 quiescit,
1041 683 1097 749 Sol
1120 705 1180 768 pro
1205 684 1291 747 vario
1315 682 1424 766 plane-

143 810 251 861 tarum
273 796 334 861 situ
355 798 388 861 in
409 820 517 862 omnes
537 810 641 883 partes
661 798 844 876 movebitur,
860 797 917 861 sed
931 820 950 861 a
964 806 1072 861 centro
1087 795 1143 860 illo
1156 816 1316 881 nunquam
1329 791 1423 881 longe
1486 774 1489 781 ¹
1539 791 1543 797 ’

142 903 282 969 recedet.

193 1013 292 1076 Corol.
315 1008 405 1075 Hinc
426 1032 589 1076 commune
602 1010 762 1099 gremtatis
777 1021 919 1075 centrum
941 1011 1062 1087 Terroe,
1086 1009 1168 1075 Solis
1182 1018 1214 1072 et
1226 1008 1423 1093 planetarum

143 1120 289 1182 omniurn
308 1142 368 1207 pro
382 1132 490 1185 centro
503 1121 612 1187 rnundi
626 1118 804 1185 habendum
818 1130 875 1185 est.
920 1119 1004 1185 Nam
1017 1116 1089 1182 edm
1104 1117 1214 1193 Terra,
1240 1114 1294 1181 Sol
1308 1112 1422 1197 etpln-

145 1237 230 1289 netae
251 1247 360 1291 onmes
380 1228 535 1312 gravitent
555 1228 588 1290 in
610 1248 642 1291 se
664 1224 782 1305 mutuo,
806 1238 837 1291 et
856 1236 1031 1311 propterea,
1053 1245 1113 1309 pro
1127 1224 1158 1287 ri
1170 1222 1329 1311 gravitatis
1344 1244 1419 1297 suae,

142 1331 318 1397 secundum
338 1333 423 1419 leges
444 1332 546 1397 motirs
567 1334 719 1419 perpetui>
735 1335 909 1421 agitentur:
931 1333 1132 1421 perspicuum
1146 1331 1292 1418 estquod
1306 1330 1421 1395 horum

142 1454 253 1505 centra
266 1442 393 1505 mobilia
409 1463 469 1525 pro
482 1442 591 1507 mundi
605 1454 713 1507 centro
727 1442 905 1527 quiescente
917 1440 1026 1505 baberi
1039 1428 1207 1526 nequeunt.
1251 1438 1287 1502 Si
1308 1458 1420 1521 corpus

141 1546 223 1611 illud
238 1548 271 1611 in
286 1560 393 1613 centro
407 1547 573 1613 locandum
588 1560 677 1625 essct,
700 1548 734 1611 iu
755 1548 839 1635 quod
854 1570 985 1632 corpora
999 1548 1104 1611 omnia
1116 1543 1252 1611 maxime
1265 1545 1421 1634 gravitant

142 1653 204 1739 (uti
225 1654 312 1740 vulgi
334 1666 380 1719 est
393 1654 511 1739 opinio)
532 1654 729 1741 privilegium
750 1653 834 1719 istud
854 1654 1089 1720 eoncedendum
1109 1666 1190 1717 esset
1212 1652 1292 1719 Soli.
1337 1652 1420 1715 Cdm

140 1774 248 1827 autem
272 1762 328 1829 Sol
347 1774 516 1841 moveatur,
540 1762 718 1849 eligendum
732 1764 791 1827 erit
803 1775 954 1847 punctum
968 1764 1140 1849 quiescens,
1162 1786 1183 1825 e
1201 1783 1265 1849 quo
1278 1772 1420 1825 centrum

143 1866 227 1933 Solis
249 1888 343 1953 quam
363 1864 651 1949 mirumd'discedit,
674 1880 705 1933 et
726 1891 744 1932 a
766 1890 829 1956 quo
850 1869 934 1933 idem
951 1868 1055 1933 adbuc
1068 1865 1171 1933 mimis
1185 1866 1369 1947 discederet,
1393 1868 1419 1932 si

12 2000 14 2013 .
140 1971 239 2037 modd
256 1972 312 2038 Sol
327 1972 451 2039 densior
465 1984 545 2041 esset
559 1986 591 2039 et
603 1976 712 2061 major,
732 1986 768 2040 ut
780 1976 882 2043 minus
895 1987 1082 2041 moveretur.

357 2242 641 2312 PROPOSITIO
665 2246 766 2317 XIII.
811 2246 1082 2315 THEOREMA
1104 2245 1204 2316 XIII.

137 2411 283 2475 Ptamtae
305 2420 458 2475 moverim
481 2412 516 2476 in
540 2412 692 2495 elltptilur
711 2412 879 2479 eutitium
903 2412 1078 2478 labentibus
1102 2414 1136 2475 in
1157 2422 1259 2477 centro
1277 2412 1365 2489 sotis,
1388 2422 1419 2475 et

183 2520 283 2583 radiis
297 2521 342 2583 ud
354 2530 484 2585 certtmt
499 2522 577 2585 illud
589 2522 685 2587 ductis
698 2534 788 2585 areas
797 2520 964 2587 describunt
977 2520 1155 2603 terporibrc
1163 2521 1431 2602 proportionales.»

183 2730 421 2817 Disputavimus
436 2752 531 2815 supra
544 2729 585 2795 de
599 2728 648 2793 bis
662 2728 797 2793 motibus
812 2750 854 2793 ex
866 2726 1089 2812 phaenomenis.
1120 2726 1193 2790 Jam
1207 2726 1339 2813 cognitis
1348 2748 1416 2790 mo-

137 2848 228 2905 tuum
242 2837 414 2923 principiis,
425 2858 465 2901 ex
479 2836 527 2901 bis
537 2836 709 2923 colligimus
720 2847 822 2899 motus
833 2834 973 2901 ooelestes
988 2856 1006 2897 a
1019 2833 1126 2917 priori.
1158 2832 1317 2909 Quoniam
1337 2853 1417 2917 pon·

137 2944 214 3009 dere
224 2946 420 3029 planetarum
430 2944 463 3006 in
475 2942 579 3009 Solem
591 2955 664 3007 sunt
677 2940 837 3027 reciproce
848 2951 885 3004 ut
893 2938 1044 3025 quadrato
1053 2938 1268 3003 distantiarum
1280 2961 1299 3002 a
1310 2952 1417 3002 centro

139 3048 240 3124 Solis;
272 3050 299 3113 si
324 3048 379 3115 Sol
405 3048 577 3136 quiesceret
601 3061 634 3115 et
658 3048 792 3133 planete
817 3045 929 3132 reliqui
954 3067 1020 3109 non
1041 3059 1171 3132 agerent
1191 3045 1224 3108 in
1244 3068 1278 3109 se
1296 3042 1415 3123 mutuo,

137 3154 240 3224 forent
265 3156 357 3221 orbes
382 3178 492 3221 eorum
513 3156 650 3241 elliptici,
675 3156 781 3221 Solem
801 3154 835 3219 in
856 3154 1004 3219 umbilico
1025 3155 1182 3233 communi
1202 3152 1362 3233 babentes,
1385 3165 1417 3218 et
1456 3200 1464 3206 -

137 3286 220 3328 areae
241 3266 491 3332 describerentur
512 3264 704 3351 temporibus
725 3263 974 3349 proportionales
997 3266 1067 3347 (per
1089 3262 1184 3345 Prop.
1202 3260 1229 3325 I.
1252 3275 1284 3325 et
1305 3255 1369 3326 Xl.
1385 3272 1417 3326 et

139 3370 247 3436 Corol.
266 3381 294 3437 l.
319 3374 415 3458 Prop.
432 3372 533 3439 XIII.
556 3372 627 3439 Lib.
646 3370 686 3452 I.)
705 3372 845 3443 ,acuones
868 3382 971 3434 autern
992 3370 1188 3453 planetarum
1207 3370 1241 3433 in
1259 3392 1293 3433 se
1306 3383 1415 3435 mutuo

12 3462 13 3473 .
136 3478 318 3565 perexiguae
340 3491 413 3543 sunt
434 3483 483 3563 (ut
503 3479 625 3563 possint
645 3476 813 3556 contemni)
837 3489 869 3540 et
881 3488 985 3539 motus
999 3477 1195 3559 planetarum
1208 3475 1242 3538 in
1256 3476 1415 3561 ellipsibus

138 3584 222 3648 circa
237 3584 345 3650 Solem
360 3584 507 3648 mob'rlem
523 3580 625 3647 mimis
641 3582 824 3667 perturbent
838 3586 908 3666 (per
923 3582 1019 3666 Prop.
1035 3582 1161 3654 LXVI.
1177 3583 1249 3647 Lib.
1266 3583 1306 3663 Ι.)
1322 3584 1415 3670 quim

139 3689 166 3754 si
178 3704 283 3753 motus
298 3690 348 3753 isti
363 3692 446 3755 circa
462 3688 567 3755 Solem
582 3687 790 3775 quiescentem
804 3700 1038 3773 peragerentur.

181 3798 276 3861 Actio
290 3795 417 3882 quidem
431 3794 453 3860 J
452 3794 517 3863 ovis
532 3794 565 3857 in
582 3796 751 3859 Saturnum
764 3815 830 3859 non
843 3806 891 3857 est
905 3795 1033 3859 omnino
1051 3794 1286 3859 contemnenda.
1330 3794 1415 3862 Nem

137 3904 273 3989 gravitas
294 3903 329 3965 in
345 3902 456 3966 Jovem
470 3913 517 3965 est
531 3899 572 3964 ad
585 3900 769 3987 gravitatem
784 3899 817 3963 in
833 3899 939 3964 Solem
954 3901 1094 3986 (paribus
1108 3900 1273 3992 distantiis)
1289 3901 1328 3986 (¹)
1343 3915 1380 3967 ut
1396 3910 1410 3966 l

169 4096 206 4205 g)
219 4100 232 4129 ⁸
245 4100 306 4145 Aliis
322 4100 348 4145 ln
363 4098 467 4171 err-ribus.⁸
492 4095 517 4148 si
528 4093 611 4155 compl
619 4092 652 4141 td
661 4092 762 4171 ditatu
791 4092 829 4142 sui
838 4093 1059 4172 diametros-cente?
1065 4094 1196 4169 quietem
1205 4096 1334 4157 systematis
1345 4098 1416 4146 totius

138 4160 170 4206 So
207 4172 285 4221 parces
295 4160 394 4220 planete
404 4168 536 4217 conadam,
546 4169 652 4205 renuum
662 4169 761 4235 grenta·
792 4158 891 4205 recedet.
928 4159 992 4213 Qua
1001 4174 1056 4205 vero
1068 4158 1127 4205 Solis
1138 4168 1162 4204 et
1171 4158 1316 4217 planetarum
1326 4163 1414 4223 ponde-

12 4196 13 4209 *
136 4222 167 4269 tis
176 4222 247 4271 modi
257 4224 338 4271 rersds
345 4232 417 4269 unent
429 4232 524 4283 partem,
536 4220 606 4269 modd
616 4236 695 4268 versus
705 4221 762 4271 elte-
793 4222 858 4269 ribus
867 4227 921 4285 (per
932 4222 985 4269 Cor.
1003 4227 1022 4269 t.
1037 4221 1107 4281 Prop.
1122 4220 1214 4283 VIII.)
1225 4223 1331 4280 iuventte
1348 4226 1414 4273 mro·

135 4300 185 4333 ram
194 4286 287 4344 incidit,
298 4288 354 4335 bine
364 4297 469 4333 centrum
480 4286 598 4349 gravitatis
608 4284 672 4347 quasi
684 4285 761 4331 medio
791 4300 838 4348 qus
855 4297 901 4331 srtu
919 4285 1025 4331 amulum
1044 4283 1074 4332 ed
1086 4284 1193 4343 invicem,
1208 4286 1276 4335 datur
1290 4303 1416 4337 comtum

12 4370 13 4401 t
135 4348 186 4397 loco
197 4350 226 4396 iis
236 4352 328 4398 casibus
337 4350 392 4411 poni
403 4350 479 4407 debet,
496 4350 573 4396 miuor
582 4348 660 4411 imque
671 4347 698 4395 tit
707 4363 761 4397 oen·
821 4348 911 4395 evitatis
927 4358 1034 4395 centrum
1053 4350 1104 4411 (ot.
1124 4348 1178 4396 lab.
1193 4349 1229 4412 l.)
1246 4361 1309 4412 petet
1322 4367 1416 4415 quoque

135 4422 223 4460 trorum
234 4412 351 4463 distantia
823 4420 849 4457 to
864 4411 984 4458 communi
1000 4411 1118 4474 gravitatis
1137 4422 1217 4461 centro
1237 4415 1315 4465 heberi
1336 4417 1417 4464 locum

167 4482 205 4525 tt.
221 4477 343 4531 QuonIem
356 4475 397 4525 Sul
406 4490 448 4537 pro
458 4475 547 4523 diverso
557 4475 703 4536 planetarum
713 4473 759 4521 ritu
792 4473 853 4523 Solis
863 4474 893 4521 ed
904 4483 995 4536 tempus
1008 4476 1160 4536 propou'tum.

12 4544 13 4557 ¹
135 4538 288 4589 divertmodt
305 4541 412 4603 agitetur,
435 4552 500 4587 motu
522 4538 623 4601 quodam
644 4538 760 4587 libratorio
823 4536 885 4605 (⁸)⁸·
901 4540 934 4587 Ut
946 4542 1001 4588 rat
1013 4544 1073 4589 10⁶7
1085 4540 1153 4605 (Car.
1166 4546 1190 4590 2.
1203 4540 1275 4603 Prop.
1289 4541 1391 4605 VIII.)-

12 4612 13 4619 ¹
135 4602 196 4651 lente
213 4618 304 4665 temper
321 4604 413 4661 errabit,
430 4618 552 4666 nunquam
569 4610 647 4651 temen
668 4598 760 4665 mtegrl
1196 4598 1206 4615 ’

169 4686 300 4755 vor-,III
765 4686 786 4733 Β
