3384 5459
230 439 270 504 96
312 465 316 470 ·
482 429 486 436 ’
532 419 872 490 PHILOSOPHIAE
897 418 1171 485 NATURALIS
1203 417 1529 496 [Demonassae.

232 611 266 673 in
285 606 447 671 minorem.
493 600 537 666 Et
556 603 702 666 {luxuum
726 597 902 662 differentia
915 597 1052 660 maxima
1071 594 1187 659 incidet
1202 595 1240 677 (⁰)
1256 595 1289 656 in
1304 605 1446 677 tempora
1460 591 1528 654 sol-

233 717 405 789 stitiorum3
440 713 616 796 praesertim
641 716 667 772 si
691 709 793 772 Lunae
816 707 918 771 nodus
944 704 1114 769 ascendens
1141 715 1282 768 versatur
1307 702 1341 764 in
1364 699 1525 785 principio

236 831 361 897 Arietis.
408 827 460 892 Sic
485 822 674 909 experientiis
699 831 893 904 compertum
916 830 972 896 est,
996 815 1081 903 quod
1102 829 1196 880 oestus
1216 812 1361 877 matutini
1381 823 1526 894 tempore

234 945 377 1032 hyberno
391 949 539 1024 superant
553 935 754 1020 vespertinos,
771 945 803 996 et
816 930 985 1016 vespertini
1001 941 1142 1013 tempore
1157 927 1265 990 aesdvo
1281 922 1461 997 matutinos,
1482 920 1529 984 ad

237 1053 440 1141 Plymuthum
456 1048 582 1136 quidem
596 1045 760 1111 altitudine
775 1044 863 1130 quasi
877 1041 966 1127 pedis
981 1041 1086 1117 unius,
1108 1038 1149 1103 ad
1168 1036 1350 1104 Bristoliam
1364 1032 1440 1098 vero
1454 1032 1527 1097 alti-

236 1167 344 1233 tudine
358 1160 536 1250 quindecim
550 1160 740 1246 digitorum:
764 1153 1000 1220 observantibus
1017 1151 1215 1236 Colepressio
1230 1162 1262 1213 et
1278 1147 1427 1214 Sturmio.

280 1277 390 1343 Motus
413 1285 518 1338 autem
538 1269 690 1334 hactenus
704 1267 853 1352 descripti
874 1277 1035 1330 mutantur
1050 1261 1275 1348 aliquantulum
1289 1281 1348 1344 per
1362 1259 1425 1322 vim
1439 1255 1528 1320 illam

236 1384 489 1472 reciprocationis
512 1402 672 1468 aquarum,
695 1376 755 1465 qui
778 1377 873 1441 maris
888 1391 992 1453 aestus,
1011 1377 1104 1440 etiam
1120 1373 1311 1438 cessantibus
1326 1371 1529 1435 luminarium

239 1497 423 1574 actionibus,
450 1505 556 1580 posset
582 1489 772 1576 aliquamdiu
796 1510 1005 1573 perseverare.
1061 1486 1268 1550 conservatio
1293 1483 1399 1547 haecce
1423 1479 1531 1544 motis

238 1605 380 1692 impressi
400 1601 512 1667 minuit
531 1599 739 1665 differentiam
760 1610 893 1660 aestuum
908 1595 1118 1669 alternorum
1142 1605 1174 1657 et
1189 1605 1282 1655 aestus
1297 1587 1441 1674 proxime
1456 1601 1533 1672 post

240 1718 380 1805 syzygias
394 1716 526 1799 majores
541 1709 653 1786 reddit,
670 1730 785 1792 eosque
800 1705 946 1790 proxime
962 1719 1034 1790 post
1049 1705 1253 1790 quadraturas
1269 1701 1390 1764 minuit.
1433 1697 1532 1764 Unde

240 1828 276 1891 lit
298 1839 332 1890 ut
353 1837 445 1888 aestus
466 1820 576 1885 alterni
596 1819 637 1882 ad
656 1815 860 1902 Plymuthum
875 1815 916 1892 ad
934 1813 1114 1878 Bristoliam
1129 1833 1193 1875 non
1209 1809 1309 1874 multi
1323 1809 1424 1896 magis
1438 1809 1532 1872 diffe-

187 1995 196 2014 ,
240 1950 311 1999 rant
334 1935 373 1998 ab
398 1932 531 1996 invicem
552 1928 646 2015 qurim
668 1925 830 1991 altitudine
849 1925 938 2010 pedis
959 1927 1052 1988 unius
1070 1923 1120 1987 vel
1140 1923 1310 2009 digitorum
1331 1921 1532 2006 quindecim

241 2060 336 2132 utque
356 2058 449 2108 aestus
472 2041 611 2106 omnium
632 2037 762 2102 maximi
784 2037 818 2099 in
838 2037 950 2101 iisdem
965 2036 1129 2120 portubus,
1146 2057 1209 2097 non
1226 2035 1287 2097 sint
1301 2033 1394 2117 primi
1409 2057 1428 2098 a
1443 2055 1533 2118 syzy-

241 2155 311 2242 giis,
337 2152 392 2216 sed
416 2151 509 2214 tertii.
556 2145 766 2211 Retardantur
787 2146 881 2209 etiam
906 2157 1011 2209 motus
1031 2167 1140 2209 omnes
1161 2143 1194 2207 in
1214 2143 1345 2206 transitu
1365 2165 1422 2227 per
1441 2143 1532 2219 vada,

242 2259 321 2323 adeo
343 2270 378 2322 ut
400 2270 493 2320 aestus
516 2253 656 2317 omnium
679 2252 819 2328 uroximi,
840 2251 874 2315 in
894 2252 981 2316 fretis
1002 2250 1188 2338 quibusdam
1204 2262 1235 2314 et
1249 2250 1413 2313 fluviorum
1434 2249 1533 2328 ostiis,

244 2369 284 2453 (Ρ)
299 2369 361 2431 sint
375 2363 477 2451 quarti
491 2362 541 2425 vel
556 2361 651 2425 etiam
667 2361 767 2446 quinti
782 2385 801 2424 a
816 2363 958 2448 syzygiis.

276 2563 312 2626 (⁰)
324 2567 337 2593 ⁰
351 2566 383 2612 In
392 2571 496 2624 temporo
505 2562 661 2610 almvm
690 2560 762 2608 Tunc
771 2559 834 2606 enim
844 2559 871 2606 in
903 2560 981 2623 gendo
991 2558 1047 2608 verd
1062 2559 1093 2607 de
1108 2558 1144 2608 irio
1159 2559 1275 2608 litton'bus
1285 2573 1328 2620 per
1337 2557 1418 2607 oceani
1429 2557 1535 2606 latitudi-

244 2642 299 2690 ayry
317 2627 344 2673 'ia
360 2637 486 2688 utrumqne
501 2625 617 2671 luminare
627 2625 657 2669 ab
668 2635 783 2686 aquatore
797 2624 870 2669 mari·
904 2639 958 2670 nem
974 2625 1004 2670 ad
1020 2639 1071 2670 oras
1084 2625 1205 2679 Amerino,
1225 2621 1314 2671 accedit
1330 2633 1401 2670 anua
1416 2619 1492 2681 primd
1504 2621 1535 2668 ad

244 2689 283 2738 md
310 2690 403 2745 edicat,
422 2688 493 2751 atqud
513 2687 622 2735 fluxuum
643 2685 774 2735 differentia
795 2687 871 2734 adhuc
906 2687 1012 2736 Brrailiae
1028 2687 1223 2736 littoramaaitod
1239 2686 1360 2734 on'entalia
1376 2685 1436 2734 circi
1452 2687 1536 2732 horam

244 2754 375 2816 augebitur,
387 2756 405 2800 si
420 2753 496 2800 Lunae
507 2751 583 2799 nodus
592 2752 718 2799 ascendens
729 2761 833 2798 venatur
847 2751 874 2796 in
906 2751 1012 2800 lunarem
1030 2763 1135 2814 quartam
1154 2752 1190 2798 val
1208 2751 1329 2812 quintam
1345 2748 1431 2797 deinde
1448 2749 1477 2796 od
1496 2763 1536 2795 os·

245 2818 359 2879 principio
372 2816 472 2874 Arietir3
485 2831 539 2864 narn
551 2815 801 2876 pratardeetinationn
814 2815 874 2861 Solis
908 2815 968 2862 tium
986 2815 1050 2862 duvii
1071 2817 1218 2861 Amazonum
1235 2812 1294 2860 hori
1310 2811 1382 2870 serti,
1403 2813 1432 2860 ad
1449 2813 1538 2858 insulas

245 2883 379 2938 maximam,
397 2881 468 2928 Luna
480 2895 573 2943 qnoque
586 2877 635 2925 Soli
646 2879 770 2941 conjuncta
780 2878 874 2941 quanti-
907 2876 963 2925 vero
978 2878 1109 2926 od'acentee
1124 2877 1182 2925 hori
1197 2875 1286 2942 quarti,
1305 2875 1385 2938 posted
1403 2875 1433 2924 ad
1450 2876 1539 2922 insulas

246 2955 295 2990 tate
311 2944 439 2991 latitudinis
455 2944 563 2990 maxima
574 2943 599 2988 in
609 2945 702 2989 boream
713 2952 755 2990 aut
769 2952 875 2990 auarum
910 2939 998 2990 Bermu
1055 2941 1113 2988 hori
1128 2939 1227 3002 septimi
1241 2949 1264 2987 et
1281 2941 1312 2988 ad
1329 2940 1429 2988 Florida
1443 2949 1538 3001 portum

247 3008 322 3067 magis
337 3006 444 3053 declinat.
478 3006 545 3052 Hinc
560 3003 877 3053 renuntiauerant
911 3007 935 3053 S.
953 3005 1078 3068 Augustini
1090 3005 1147 3052 nord
1158 3005 1196 3068 tl.
1223 3005 1324 3052 Tardius
1335 3005 1407 3066 igitur
1417 3003 1539 3066 progredi-

248 3070 401 3115 viciniasimus
416 3079 440 3116 et
455 3069 540 3116 fluctus
550 3069 657 3115 australis
667 3069 835 3116 remotissimus
851 3068 876 3115 in
909 3079 948 3117 tur
959 3082 1029 3116 estur
1039 3085 1081 3130 per
1095 3084 1210 3117 oceanum
1226 3067 1297 3132 qudm
1308 3083 1352 3129 pro
1361 3068 1450 3115 ratione
1461 3067 1540 3114 motin

249 3134 331 3180 eadem
341 3133 486 3180 revolutione
495 3131 587 3179 durni.
909 3134 1002 3192 Lune3
1020 3142 1044 3180 et
1059 3133 1225 3194 pernecessaria
1240 3141 1274 3180 ert
1289 3133 1366 3180 haecce
1377 3131 1500 3180 retardatio
1511 3142 1540 3178 ut

281 3197 316 3260 (Ρ)
330 3202 342 3226 ·
357 3199 408 3244 Sint
419 3199 497 3257 quarti
507 3199 620 3244 ueletiam
631 3199 716 3258 quinti.
752 3196 783 3243 In
796 3197 875 3256 Opur-
908 3211 972 3244 mare
982 3197 1064 3245 eodem
1073 3207 1177 3257 ternpore
1185 3195 1308 3244 descendat
1315 3197 1376 3242 inter
1384 3196 1507 3243 Brasiliam
1516 3205 1540 3241 et

249 3260 303 3307 culo
324 3260 354 3307 de
372 3259 460 3306 Mundi
481 3261 609 3320 systemate
627 3259 734 3321 quadarn
751 3267 878 3308 occurrunt
910 3261 1003 3308 Noram
1023 3259 1152 3314 Franciam,
1170 3261 1323 3322 ascendatque
1334 3259 1364 3306 ad
1379 3259 1468 3306 insulas
1482 3257 1539 3306 For·

249 3323 684 3386 obtenmionesquaeadhunclocum
698 3323 821 3383 pertinent,
839 3340 878 3370 eas
909 3333 1001 3372 tunatas
1021 3335 1046 3372 et
1067 3325 1145 3371 littora
1168 3325 1269 3386 Europe
1290 3333 1313 3370 et
1335 3323 1421 3370 Africa
1437 3332 1460 3369 et
1476 3322 1537 3368 rice·

248 3387 327 3450 itaque
342 3387 505 3435 exscribamus.
541 3387 603 3434 Fieri
620 3387 688 3433 etiarn
704 3396 785 3447 potest,
801 3387 878 3450 inquit
909 3386 981 3435 reri.
1018 3389 1126 3450 Namque
1141 3403 1205 3435 mara
1221 3387 1344 3436 ascendere
1354 3387 1434 3450 nequit
1450 3387 1475 3432 in
1489 3401 1541 3432 uno

249 3463 325 3508 autor,
336 3462 364 3498 ut
374 3461 445 3498 astus
455 3451 561 3498 omnium
570 3451 688 3498 maximus
697 3453 727 3497 sit
737 3451 878 3513 quartuarel
910 3452 962 3499 loco
972 3452 1029 3514 quin
1040 3451 1110 3498 simtd
1121 3449 1245 3500 descendat
1259 3451 1283 3498 in
1294 3451 1373 3500 altero
1411 3451 1476 3512 Lege
1489 3450 1540 3511 jam

249 3514 762 3629 littttftti'iffit‘t'til
776 3514 879 3639 gagg
910 3515 1025 3626 iiiii
1039 3515 1445 3642 *littidum
1461 3514 1542 3624 liii

251 3643 335 3700 radon
354 3641 383 3689 ad
402 3641 486 3689 littora.
523 3642 560 3688 Sic
578 3643 641 3690 enim
658 3651 728 3690 estus
746 3643 835 3690 wredit
851 3643 882 3691 ad
915 3642 1027 3692 Chiliensi
1043 3653 1067 3690 et
1084 3643 1327 3691 Perurirnoincidere
1338 3643 1448 3689 dicuntur
1459 3641 1483 3687 in
1498 3643 1539 3688 hu-

252 3707 318 3754 littas
334 3705 477 3753 occidentale
499 3705 621 3753 Hibernia
637 3704 697 3754 hori
712 3705 779 3754 tertii
795 3707 879 3764 lunari,
912 3721 962 3755 ram
978 3706 1069 3754 tertiam
1085 3705 1199 3763 lunarem,
1210 3705 1307 3770 aedqud
1323 3706 1444 3753 velocitate
1458 3719 1539 3765 propa-

252 3781 277 3817 et
287 3781 340 3830 post
354 3772 436 3816 horam
452 3783 524 3816 unatn
535 3778 559 3816 et
568 3769 664 3817 alteram
675 3769 705 3816 ad
715 3781 795 3830 portua
806 3772 830 3817 in
842 3771 880 3818 lit·
913 3781 1000 3835 gantur
1009 3771 1065 3818 iude
1076 3770 1105 3818 ad
1116 3769 1182 3819 littus
1191 3771 1303 3820 orientale
1314 3769 1420 3832 Japoniae
1431 3779 1454 3816 et
1464 3769 1494 3815 ad
1505 3769 1541 3815 in·

252 3843 303 3880 tore
324 3834 418 3881 aunmli
439 3833 544 3894 ejusdam
565 3833 648 3881 insule
665 3842 693 3881 ut
708 3845 732 3880 et
748 3833 778 3880 ad
794 3833 883 3882 iamiar
914 3835 977 3882 sulae
990 3835 1136 3896 Philippinar
1146 3845 1286 3900 camoque
1296 3849 1369 3898 regno
1381 3833 1491 3881 Sinarum
1501 3832 1543 3879 ad-

256 3898 406 3944 Caraiteridaa
416 3895 489 3958 volgo
500 3896 593 3959 Sorliog
603 3896 683 3944 dictas.
696 3918 701 3929 ·
720 3897 783 3944 Dein
792 3913 883 3946 nacces-
911 3899 1015 3962 jacentes
1025 3899 1131 3947 nondum
1142 3899 1223 3960 reperi.

255 3960 303 4007 rire
318 3960 348 4007 ad
368 3961 527 4015 Falmuthum‚
539 3959 703 4024 Plymuthum,
723 3960 883 4008 Portlandiam
949 3967 1001 4010 loa.
1022 3962 1053 4010 In
1070 3962 1140 4010 alveis
1158 3963 1283 4010 fluminum
1302 3961 1389 4025 pendet
1403 3960 1506 4008 induant
1519 3967 1545 4008 ot

255 4022 365 4081 iamlam,
378 4025 482 4078 Vectem.
496 4023 833 4080 Winonelseiom.1>oreriam,
845 4041 883 4072 oa·
915 4025 1018 4074 refluxus
1035 4043 1051 4074 a
1068 4026 1192 4074 fluminum
1212 4041 1289 4075 cursu.
1326 4027 1390 4074 Nam
1405 4041 1487 4073 cursus
1503 4025 1544 4072 ille

257 4085 317 4133 tium
337 4089 442 4136 Tamesis
461 4098 485 4135 et
504 4087 603 4135 Pontem
623 4087 803 4143 Londinensem,
826 4104 883 4136 con·
914 4089 1064 4153 iacitaquam
1075 4089 1271 4138 tardiirinfluera
1282 4105 1310 4137 er
1321 4091 1389 4146 mari,
1405 4101 1429 4138 et
1444 4089 1469 4136 in
1480 4103 1544 4136 maro

257 4151 356 4211 sumptis
369 4152 433 4220 poris
447 4151 571 4200 duodecim
584 4152 610 4198 iu
623 4153 667 4199 hoc
678 4152 766 4198 itinere.
803 4152 850 4200 Sed
860 4163 884 4202 et
916 4154 984 4201 citius
994 4163 1018 4202 et
1033 4154 1135 4202 velocius
1150 4153 1247 4202 refluere
1257 4153 1327 4216 atqui
1338 4152 1397 4201 aded
1408 4154 1497 4200 diutius
1508 4169 1545 4200 re-

257 4213 338 4260 oceani
349 4213 421 4274 ipsirrs
435 4215 505 4264 alveis
515 4215 578 4262 haud
588 4215 644 4263 satis
654 4214 777 4276 profundis
785 4215 884 4277 impedi·
916 4217 988 4264 fluere
1004 4216 1075 4280 quim
1091 4217 1195 4274 influere,
1212 4217 1369 4280 proaertimsi
1381 4216 1486 4281 longeio
1498 4216 1546 4264 llu-

257 4286 297 4324 mr
316 4287 416 4324 aarum
431 4281 574 4342 propagatio,
593 4279 675 4327 incidit
690 4279 755 4327 eninr
770 4289 839 4326 emur
855 4280 886 4328 ad
916 4295 972 4328 ntea
982 4281 1114 4329 ascenditur
1124 4283 1165 4330 ubi
1174 4282 1251 4329 minor
1261 4292 1296 4330 ost
1306 4283 1340 4329 ris
1350 4281 1428 4329 maria
1465 4281 1503 4327 Sic
1519 4281 1546 4327 in

258 4339 347 4388 insulas
367 4341 506 4390 Fortunatas
524 4353 548 4390 et
565 4342 595 4390 ad
611 4342 764 4391 occidentalia
781 4342 886 4406 tuerique
918 4344 991 4392 fluxio
1004 4345 1094 4392 Arouae
1110 4345 1140 4392 ad
1156 4347 1252 4393 tertium
1266 4345 1367 4407 lapidem
1383 4343 1445 4392 iniri
1457 4344 1548 4392 Bristo-

262 4404 382 4453 Atlantico
405 4405 508 4465 exposita
532 4407 611 4454 littora
639 4407 768 4462 Hiberum
792 4407 884 4464 Gallie,
918 4408 972 4455 liam
984 4409 1054 4456 refert
1066 4409 1183 4457 sturmius
1190 4425 1275 4472 aquam
1282 4411 1345 4458 horis
1353 4410 1431 4474 quinis
1441 4408 1547 4466 influere,

262 4468 415 4529 Hispaniaeet
424 4469 512 4516 africa
522 4471 593 4518 totius
601 4486 674 4532 usque
684 4469 714 4517 ad
724 4471 802 4532 Caput
811 4472 887 4518 Bona
918 4473 1019 4532 septenis
1029 4471 1126 4520 refluere
1136 4473 1206 4539 rnprd
1218 4474 1360 4531 Bristoliam,
1378 4486 1405 4520 nt
1416 4473 1445 4520 ad
1459 4473 1549 4520 Canes·

262 4533 316 4593 Spei
327 4533 352 4578 in
363 4535 444 4580 horam
455 4532 546 4580 tertiam
562 4533 676 4591 lunarem,
692 4545 846 4596 preterquam
862 4535 887 4580 in
919 4536 973 4584 ham
984 4535 1021 4583 rel
1034 4535 1174 4584 Bathoniam
1185 4537 1315 4586 differentia
1325 4539 1406 4600 procul
1417 4538 1490 4584 dubio
1497 4553 1550 4584 rna-

261 4595 318 4644 loois
333 4596 455 4643 nonnullis
464 4595 555 4644 vadosis
565 4598 605 4643 ubi
621 4607 691 4645 aestua
706 4597 830 4659 impeditus
840 4607 887 4646 tar-
917 4598 955 4662 jor
965 4609 1006 4646 ast.
1044 4601 1134 4649 Pendet
1149 4601 1218 4649 etiam
1229 4603 1280 4650 brec
1291 4601 1446 4649 differentiae
1457 4601 1553 4664 magni-

261 4660 317 4708 diu·
327 4660 427 4718 advenit,
440 4661 510 4723 inque
521 4661 581 4708 freto
590 4660 708 4708 Gaditano
715 4660 779 4724 quod
787 4673 853 4709 motu
862 4677 891 4708 ex
923 4663 1005 4711 tudine
1015 4663 1094 4711 fluxus
1105 4673 1128 4713 et
1139 4663 1247 4713 reflanda
1284 4665 1347 4714 Nam
1362 4681 1433 4727 prope
1449 4665 1555 4713 lumina-

263 4724 322 4772 mari
333 4723 507 4774 Mediterranea
517 4724 720 4788 propagatocitiua
730 4735 813 4774 motat
819 4743 827 4785 ς
838 4741 891 4787 per-
924 4727 986 4775 rium
996 4729 1108 4792 syzygias,
1126 4730 1283 4779 vehementior
1292 4729 1362 4778 maria
1372 4739 1451 4780 monn
1461 4727 1557 4779 secuta·
