3384 5459
131 406 440 485 LmnnTnnrrns.]
479 404 722 471 PRINCIPIA
746 400 1121 469 MATHEMATICA.
1381 406 1422 461 29

131 579 260 665 pondus
276 578 389 642 -Lnnae
411 576 506 641 totius
528 577 561 639 in
579 577 693 663 majori
716 576 765 639 vel
787 574 901 638 minon
922 575 1061 637 ratione:
1085 585 1193 635 contra
1216 592 1309 657 quam
1332 592 1426 654 snpra

133 703 299 753 ostensum
312 700 369 750 est.
964 746 974 764 ·

133 810 136 814 '
179 793 281 881 Corol.
304 800 331 859 1.
363 792 453 859 Hinc
473 792 615 879 pondera
636 814 805 877 corporum
826 813 891 855 nou
911 790 1051 876 pendent
1072 790 1112 853 ab
1134 810 1243 853 eorum
1265 786 1372 853 formis
1394 796 1426 848 et

131 903 278 968 texturis.
325 900 409 965 Natu
425 902 451 964 si
474 922 546 964 cum
567 899 675 963 formis
690 901 802 963 variari
822 912 960 985 possent,
977 896 1080 960 forent
1093 898 1210 981 majora
1225 895 1275 959 vel
1292 894 1424 967 minora,

133 1036 197 1100 pro
211 1012 361 1075 varietate
374 1010 556 1087 formarum,
572 1012 607 1075 in
620 1010 734 1097 aequali
748 1009 896 1074 materiis:
912 1009 1041 1073 omnino
1056 1021 1164 1072 contra
1177 1006 1410 1091 experientiam.

180 1120 280 1185 Corol.
305 1125 335 1182 2.
368 1116 511 1201 Corpora
532 1116 686 1194 universa,
710 1137 780 1203 qnae
803 1116 886 1179 circa
907 1114 1041 1181 Terram
1065 1124 1146 1189 suut,
1168 1112 1276 1198 gravia
1298 1124 1371 1175 sunt
1393 1110 1425 1173 in

135 1226 293 1303 Terram3
324 1236 355 1289 et
381 1224 523 1309 pondera
544 1224 693 1302 omnium,
725 1245 796 1310 quae
817 1221 977 1307 aequaliter
998 1244 1017 1285 a
1037 1232 1145 1284 centro
1166 1217 1424 1294 Terraedistant,

134 1348 212 1397 suut
235 1343 272 1396 ut
294 1332 482 1417 quantitates
507 1330 646 1395 materiae
671 1330 704 1394 in
729 1326 848 1395 iisdem.
895 1328 979 1393 Haee
1003 1340 1052 1392 est
1075 1326 1206 1414 qualitas
1231 1326 1372 1389 omnium
1392 1324 1425 1387 in

135 1446 251 1531 quibus
273 1445 490 1530 experimenta
510 1442 672 1509 instituere
692 1440 774 1518 licet,
802 1454 833 1505 et
855 1451 1023 1524 propterea
1045 1460 1103 1521 per
1129 1436 1211 1522 Reg.
1235 1445 1264 1499 3.
1292 1434 1331 1499 de
1356 1434 1425 1497 uui·

134 1552 233 1617 versia
256 1550 440 1616 affirmanda
460 1562 517 1615 est
563 1548 598 1613 Si
620 1548 718 1612 aetirer
737 1559 792 1611 aut
811 1568 925 1630 corpus
939 1544 1026 1609 aliud
1039 1542 1246 1631 quodcunque
1260 1542 1309 1604 rel
1323 1540 1426 1628 gravi·

134 1674 201 1727 tate
216 1660 346 1726 omnini)
358 1640 589 1737 destitueretur,
612 1660 661 1723 rel
681 1680 741 1744 pro
755 1658 927 1745 quantitate
941 1655 1080 1720 uratenae
1094 1676 1160 1718 suae
1175 1654 1277 1716 minus
1291 1654 1427 1741 gravita-

134 1785 204 1837 ret:
226 1774 374 1859 quoniam
389 1772 422 1835 id
438 1776 491 1855 (ex
506 1782 610 1834 mente
625 1770 812 1847 Aristotelis,
831 1768 964 1833 Cartesii
978 1780 1010 1831 et
1022 1766 1168 1845 aliorum)
1187 1787 1252 1832 non
1266 1764 1372 1829 differt
1386 1764 1427 1828 ab

134 1879 206 1943 aliis
220 1878 403 1963 corporibus
419 1876 479 1941 nisi
494 1878 529 1941 in
542 1875 641 1940 formai
656 1876 803 1953 materiae,
820 1887 926 1961 posset
940 1874 1022 1937 idem
1037 1894 1094 1957 per
1104 1872 1307 1937 mutationem
1318 1870 1427 1933 sonnoe

134 1984 296 2073 gradatim
319 1982 520 2048 transmutari
540 1983 573 2045 in
597 2004 709 2066 corpus
731 1982 870 2068 ejusdem
891 1980 1078 2045 conditionis
1100 2000 1172 2042 cum
1196 1979 1244 2055 iis,
1277 1999 1349 2063 quas
1367 1998 1428 2063 pro

138 2090 313 2178 quantitate
335 2090 473 2155 materiae
494 2112 589 2176 quam
611 2088 746 2153 maximis
761 2091 926 2177 gravitaut,
948 2101 981 2153 et
997 2088 1130 2151 vicissim
1146 2109 1278 2171 corpora
1291 2084 1428 2153 maxime
1532 2149 1539 2168 ἶ

133 2200 259 2288 gravia,
282 2198 415 2263 sormam
436 2198 520 2279 illins
541 2198 696 2286 gradatim
718 2198 887 2275 induendo,
909 2209 1035 2282 possent
1056 2197 1240 2283 gravitatem
1254 2218 1342 2259 suam
1356 2216 1428 2282 gra·

134 2310 235 2374 datim
251 2308 402 2375 amittere.
447 2310 497 2371 Ac
510 2308 644 2393 proinde
659 2309 800 2395 pondera
813 2309 986 2394 penderent
1001 2332 1020 2372 a
1034 2308 1139 2392 fonnis
1155 2326 1332 2391 corporum,
1355 2328 1428 2391 pos·

134 2430 269 2507 seritque
295 2439 367 2480 cnm
393 2414 501 2482 formis
520 2418 648 2495 terimi,
676 2428 785 2481 contra
810 2440 903 2505 quam
928 2418 1095 2503 probatum
1119 2428 1166 2481 est
1193 2417 1227 2480 in
1253 2417 1429 2482 Corollaria

135 2546 310 2609 superiore.

182 2636 283 2698 Corol.
301 2642 331 2697 3.
356 2633 463 2717 Spatia
478 2634 583 2697 omnia
597 2656 662 2698 non
677 2646 751 2699 suut
764 2634 925 2721 equaliter
938 2634 1040 2719 plena.
1079 2632 1163 2699 Nam
1173 2636 1200 2698 si
1215 2635 1313 2720 spatia
1324 2634 1428 2697 omnia

134 2740 299 2826 aequaliter
312 2739 406 2824 plena
420 2751 530 2816 essent,
547 2740 682 2827 gravitas
698 2741 844 2827 specifica
858 2740 946 2804 fluidi
961 2761 1024 2827 quo
1039 2740 1126 2829 regio
1137 2742 1219 2804 aiiris
1233 2742 1425 2825 impleretur,

134 2850 180 2912 ob
204 2866 358 2911 summam
380 2844 565 2911 densitatem
586 2847 735 2925 materiae,
758 2847 803 2909 nil
825 2846 949 2910 cederet
969 2836 1113 2932 gravitati
1133 2846 1287 2930 specificae
1308 2847 1428 2932 argenti

135 2956 211 3033 vivi,
228 2954 279 3021 vel
300 2952 378 3031 auri,
402 2953 452 3017 rel
474 2955 616 3037 corporis
630 2954 757 3022 alterius
773 2956 983 3040 cujuscunque
998 2951 1189 3028 densissimi;
1212 2966 1243 3016 et
1264 2966 1431 3039 propterea

138 3085 202 3128 uec
221 3083 335 3129 aurum
355 3040 457 3149 nequis
479 3062 565 3127 alind
588 3062 797 3151 quodcunque
820 3084 933 3149 corpus
955 3062 987 3125 in
1010 3065 1081 3125 a'ere
1103 3061 1293 3132 descendere
1315 3076 1429 3146 posset.

137 3170 225 3235 Nam
241 3190 374 3253 corpora
394 3169 428 3231 in
447 3169 562 3246 fluidis,
584 3170 646 3233 uisi
667 3168 810 3254 specifice
831 3169 976 3262 graviora
990 3167 1060 3245 sint,
1083 3168 1211 3231 miraimd
1225 3168 1427 3234 descendunt.

136 3279 239 3356 erod
258 3279 286 3342 si
308 3280 464 3364 quantitas
479 3280 618 3345 materiae
640 3280 673 3343 in
688 3280 789 3365 spatio
804 3280 878 3344 dato
891 3302 948 3365 per
963 3278 1197 3345 rarefactionem
1213 3302 1429 3368 quamcunque

136 3386 272 3449 diminui
286 3386 395 3471 possit,
412 3386 522 3473 quidni
536 3386 668 3451 diminui
682 3388 781 3472 possit
794 3388 827 3450 in
841 3388 1022 3453 infinitum?

182 3495 284 3558 Gornl.
301 3502 332 3555 t.
358 3492 392 3558 Si
414 3514 521 3558 omnes
544 3494 684 3557 omniurn
707 3514 874 3579 corporum
896 3494 1058 3578 particulae
1078 3493 1187 3558 solidae
1209 3495 1271 3558 sint
1290 3497 1428 3581 ejusdem

136 3600 310 3676 deunitatis,
327 3621 428 3687 neque
444 3600 511 3664 sine
524 3601 610 3684 poris
625 3600 764 3665 rarefieri
778 3602 908 3686 possint,
930 3600 967 3685 (¹)
983 3623 1115 3666 vacuum
1131 3601 1232 3666 datur.
1277 3602 1426 3688 Ejusdem

136 3706 299 3772 densitatis
314 3728 381 3770 esse
396 3706 476 3785 dico,
495 3708 532 3791 (²)
548 3729 681 3793 quarum
694 3708 775 3773 vires
789 3709 909 3773 inertiae
925 3721 998 3773 sunt
1011 3722 1047 3773 nt
1059 3709 1298 3797 magnitudines.

182 3815 284 3877 Carni.
301 3821 331 3877 5.
354 3812 393 3897 (ι’)
411 3812 468 3875 Vis
490 3815 650 3900 gravitatis
672 3814 855 3891 diversieat
875 3817 999 3903 generis
1019 3838 1039 3879 a
1060 3817 1090 3879 vi
1111 3815 1294 3904 magnetici.
1344 3816 1428 3881 Nam

135 3927 282 3991 attractio
302 3926 477 4013 magnetica
497 3948 561 3989 uon
582 3938 630 3989 est
644 3938 680 3989 nt
700 3928 831 3991 materia
852 3939 992 3991 attracta.
1038 3927 1181 4012 Corpora
1202 3927 1306 4011 aliqua
1324 3929 1424 4015 magis

169 4110 235 4175 (Ψ
253 4115 360 4161 Vectium
371 4112 449 4159 datar.
477 4110 571 4169 Qnibua
580 4107 767 4171 responsionibus
800 4109 990 4159 Maschenbroek
1016 4107 1040 4155 in
1064 4108 1232 4156 Dissertatioue
1254 4108 1283 4157 de
1311 4110 1426 4175 Magnete

134 4174 183 4225 hoc
201 4176 313 4223 Newtoni
332 4173 479 4221 ratiocinium
499 4174 612 4237 effugiant
630 4173 766 4231 Carteu'aui,
798 4173 899 4235 piurima
914 4184 983 4236 atque
995 4172 1169 4220 ›accundmima
1184 4172 1214 4219 de
1229 4174 1327 4236 hujusce
1343 4176 1426 4237 lapidis

131 4241 185 4304 jam
196 4238 301 4287 diximus
317 4237 383 4301 (Lib.
398 4237 435 4287 11.
449 4252 516 4287 nuru·
531 4238 595 4301 1³7).
799 4239 890 4285 aunone
901 4238 971 4285 refert
981 4237 1146 4296 experimenta.
1171 4237 1211 4284 Ex
1222 4238 1337 4299 descripti
1346 4256 1361 4287 a
1372 4239 1424 4286 drli-

169 4301 232 4367 (⁸)⁸
249 4307 358 4361 &aarum
368 4304 426 4350 vires
441 4304 537 4351 inertia.
575 4300 638 4349 ctm
655 4300 718 4349 enim
734 4300 769 4347 vis
799 4302 936 4367 gratissimo
956 4301 1006 4347 viro
1030 4301 1241 4359 experimentorum
1264 4305 1322 4350 serie
1348 4305 1425 4363 patum

136 4368 229 4415 inertia
246 4368 277 4414 sit
292 4366 416 4429 quantitati
431 4366 534 4413 materia
550 4364 732 4427 proportionalis,
749 4366 768 4414 ai
800 4365 895 4429 quidem
911 4365 938 4411 fit
953 4363 1065 4427 equalem
1081 4379 1129 4411 non
1140 4381 1189 4413 erae
1200 4367 1314 4427 magnetis
1328 4368 1353 4413 in
1363 4368 1427 4415 varia

135 4433 199 4479 viret
208 4432 299 4479 inertiae
307 4440 364 4478 sunt
372 4440 399 4477 nt
405 4428 587 4493 magnitudines,
595 4427 769 4492 magnitudines
800 4444 897 4488 corpora
904 4429 1026 4480 actionem.
1035 4443 1133 4490 eamque
1140 4439 1302 4491 tempestatum
1312 4430 1426 4477 vicissitu-

136 4505 195 4609 ἓξ
205 4494 386 4613 ppnqqqqtitarea
401 4494 511 4551 materie,
529 4495 572 4541 hoc
583 4503 625 4553 ut,
641 4502 698 4543 aurat
707 4491 769 4554 ejus·
801 4492 895 4605 {pinne
904 4492 1037 4604 obnoxiaepq,
1046 4491 1426 4605 etmoddreupaittimopdimpndi

175 4610 177 4615 ,
234 4575 270 4613 ,ιη
315 4574 333 4605 s.
575 4596 578 4609 ‚
857 4570 947 4601 arnam
979 4571 995 4603 u
1028 4571 1166 4603 canitura
1199 4567 1425 4605 nemntommort

170 4624 230 4689 (Ψ
246 4626 283 4671 Vis
291 4624 411 4690 gravitatis
418 4624 547 4679 fflnertiett
555 4624 652 4683 generis.
676 4619 770 4671 Clarias.
800 4618 873 4682 quiin
888 4572 1002 4681 triptiiitt
1017 4618 1178 4669 distantiarum
1190 4618 1326 4681 decrescere,
1343 4623 1425 4681 eadam

173 4709 235 4757 Vct.
251 4710 305 4757 111.
787 4706 809 4753 Ε
