3384 5459
252 414 294 472 ει
547 376 886 472 rumosorfflm
909 405 1180 490 NATURAMS
1211 403 1417 484 [usuum.
1432 402 1526 466 sisu.

254 597 295 640 ex
309 574 405 639 literis
418 575 494 638 meis
507 575 630 660 plenius
643 578 797 660 exposuit.
842 577 942 641 Simili
956 589 1043 642 motu
1059 576 1098 661 (l)
1114 576 1248 642 extimus
1264 576 1390 640 Saturni
1404 573 1528 638 satelles

254 685 337 748 clrca
357 705 449 746 axem
470 705 560 746 suum
573 685 691 748 revolvi
704 684 835 761 ridetur,
851 684 961 750 eidem
975 685 1022 748 eui
1036 684 1113 748 hoie
1129 685 1298 750 Saturnum
1313 679 1465 766 perpetuo
1479 702 1529 742 re·

254 792 408 876 spiciens.·
441 791 526 855 Nam
546 791 664 855 circum
687 792 856 856 Saturnum
877 790 1073 868 revolvendo,
1097 790 1216 876 quoties
1236 788 1277 852 ad
1296 781 1443 852 orbis'sui
1456 808 1530 870 par·

254 915 319 963 tem
339 877 517 962 orientalem
532 899 661 975 aooedit,
676 897 837 984 aegerrime
853 897 984 977 videtur,
1000 911 1032 962 et
1044 898 1229 983 plerumque
1242 897 1341 962 videri
1356 909 1473 960 cessat:
1496 894 1531 958 id

256 1004 341 1089 quod
355 1004 477 1068 evenire
491 1016 593 1088 potest
605 1027 662 1088 per
676 1004 811 1067 maculas
822 1005 970 1089 quasdam
985 1006 1019 1068 in
1035 1005 1070 1068 ei
1082 1005 1222 1089 eorporis
1236 1017 1324 1089 parte
1338 1025 1409 1088 quae
1420 1001 1532 1066 Terrae

255 1129 330 1173 tunc
349 1109 529 1186 obvertitur,
551 1121 588 1173 ut
603 1097 751 1172 Cassiuus
763 1110 891 1173 notavit.
936 1109 1037 1175 Simili
1052 1109 1144 1174 etiam
1158 1123 1245 1174 motu
1260 1109 1382 1173 satelles
1397 1089 1533 1172 extimus

256 1216 384 1282 Jovielis
406 1216 489 1278 circa
510 1236 601 1277 axem
623 1237 713 1277 suum
735 1215 850 1278 revolvi
870 1205 1003 1294 videtur,
1025 1229 1191 1300 propterea
1212 1215 1296 1302 quod
1311 1217 1343 1278 in
1357 1229 1446 1299 perte
1461 1236 1533 1277 cor-

256 1325 341 1409 poris
355 1322 426 1395 Jovi
440 1318 548 1383 aversi
563 1320 715 1383 maculem
727 1319 842 1384 hebeat
856 1342 926 1408 quoe
940 1334 1086 1408 tanquam
1102 1323 1136 1384 in
1151 1343 1281 1405 corpore
1292 1322 1379 1386 Jovis
1394 1323 1534 1386 cernitur

175 1430 188 1470 Ψ
256 1432 444 1517 ubicumque
459 1429 579 1493 satelles
594 1428 677 1492 inter
690 1429 800 1493 Jovem
815 1443 847 1493 et
861 1429 967 1493 oculos
981 1442 1105 1493 nostros
1119 1430 1238 1493 transit

428 1777 434 1791 .
462 1697 747 1765 PROPOSITIO
769 1697 901 1762 XVIII.
947 1695 1215 1794 THEOREMA
1238 1695 1333 1761 XVI.

259 1903 342 1967 Area
355 1906 548 1986 planetamm
569 1905 726 1967 dammis
739 1925 805 1986 que
818 1907 862 1966 od
875 1907 986 1968 eosdem
1001 1927 1073 1968 ares
1086 1907 1268 1969 normaliter
1277 1907 1423 1968 deotmar
1439 1901 1537 1963 mino·

829 2031 877 2074 res
892 2033 959 2076 esre.

304 2211 336 2296 (¹)
354 2213 494 2278 Plenetoe
508 2215 629 2279 soblem
643 2217 729 2279 omni
742 2229 830 2281 motu
844 2217 987 2282 circulari
1003 2216 1116 2282 diurno
1134 2218 1267 2304 figuram
1284 2214 1478 2300 sphaericam,
1494 2210 1537 2274 ob

260 2319 412 2403 aequalem
425 2320 563 2405 undique
575 2322 710 2404 partium
724 2325 918 2408 gravitatem,
935 2323 1079 2386 affectare
1094 2323 1251 2387 deberent.
1282 2321 1321 2406 (¹¹)
1338 2321 1401 2384 Per
1414 2330 1538 2382 motum

260 2425 348 2488 illum
370 2427 550 2490 cuculurem
571 2427 609 2491 fit
628 2439 663 2491 ut
682 2442 786 2512 partes
802 2431 842 2494 ab
858 2453 916 2494 axe
931 2431 1109 2496 recedentes
1119 2432 1212 2515 juxta
1225 2443 1415 2516 aequatorem
1429 2451 1538 2492 aseen-

262 2531 336 2594 dere
356 2545 515 2596 conentur.
559 2532 697 2618 Ideoque
711 2537 841 2599 materia
856 2536 881 2600 si
895 2536 992 2602 fluida
1006 2537 1054 2613 sit,
1078 2559 1207 2602 ascensu
1222 2560 1279 2601 suo
1293 2536 1334 2600 ad
1348 2548 1538 2621 aequatorem

264 2752 280 2776 ‘¹
289 2754 342 2806 post
352 2746 539 2810 conjunctionem
549 2748 606 2798 iude
621 2749 744 2810 procedere
754 2749 784 2798 ad
794 2751 885 2800 nodum
916 2751 980 2801 verti.
1016 2752 1084 2801 idem
1099 2768 1192 2816 quoque
1207 2753 1276 2800 simili
1287 2760 1425 2815 argumento
1438 2759 1502 2812 patet
1513 2751 1540 2798 in

263 2811 456 2865 “escendentern,
479 2821 530 2859 tum
553 2814 652 2860 maculer
675 2816 804 2874 superiores
821 2816 885 2876 apud
916 2817 1003 2864 extimo
1012 2817 1079 2866 lovis
1087 2817 1190 2870 artellite,
1202 2818 1246 2864 nisi
1254 2817 1344 2864 dicatam
1354 2815 1540 2862 illaaaatellitum

263 2873 371 2932 “polum
382 2877 479 2921 berem
490 2876 546 2932 aitte,
562 2877 674 2936 paulatim
684 2893 742 2924 cum
751 2894 794 2924 suo
806 2879 860 2938 polo
870 2895 885 2926 a
916 2873 1019 2928 mamilae
1029 2881 1155 2942 fuliginem
1166 2880 1238 2927 instar
1248 2878 1318 2928 modii
1329 2878 1399 2936 unci,
1410 2877 1481 2924 model
1492 2877 1540 2924 dis-

263 2935 343 2984 “luce
363 2939 387 2982 in
407 2939 512 2986 tenebrae
528 2940 667 2997 «recedunt,
686 2941 744 2989 dum
766 2943 885 2989 inferIoree
917 2943 999 3004 aiperi;
1026 2945 1066 2991 aed
1085 2944 1126 2991 ubi
1142 2942 1282 3004 apparendo
1300 2942 1385 3004 aliquos
1403 2957 1431 2987 ea
1450 2940 1540 3000 duplici

231 3000 239 3016 ‘
263 3005 280 3029 “
290 2999 388 3045 maculer
404 3015 458 3046 cum
474 3002 529 3059 polo
544 3004 638 3049 ausuali
654 3020 683 3051 ex
700 3005 801 3052 tenebris
811 3007 836 3052 in
846 3007 885 3054 lu·
917 3007 988 3054 oaued
1003 3015 1081 3054 ortum
1097 3008 1293 3066 haberepoaaunt,
1308 3003 1475 3066 anteponendo
1485 3013 1542 3052 eunt

264 3067 281 3092 “
291 3077 342 3108 tent
357 3072 490 3122 prorepunt.
527 3065 676 3114 Contradum
691 3068 768 3115 evenit
783 3070 886 3117 rememri
918 3070 1080 3130 explicationes
1101 3085 1154 3132 quar
1178 3085 1193 3117 a
1213 3079 1280 3118 motu
1301 3069 1370 3116 locali
1394 3075 1539 3128 repetuntur.

265 3131 281 3155 “
292 3135 351 3184 post,
369 3124 425 3172 crim
442 3127 482 3173 sot
498 3129 591 3176 emersit
605 3128 635 3177 ad
647 3130 745 3178 limitem
757 3131 834 3179 Lunae
843 3136 885 3180 bo·
920 3133 987 3184 Alioa
1004 3133 1098 3182 Saturni
1112 3133 1222 3195 Joviaque
1239 3133 1354 3190 satellites,
1369 3133 1446 3179 Lunai
1459 3132 1540 3188 instar,

265 3194 280 3218 ‘⁴
290 3189 384 3235 reum.”
418 3189 541 3239 Hactenus
550 3193 585 3244 N.
596 3193 726 3241 Mercator:
745 3195 786 3242 red
797 3195 886 3256 plenior
917 3197 1016 3258 planetis
1031 3197 1144 3257 primulii
1151 3196 1288 3244 invariatum
1299 3195 1446 3243 manifestare
1456 3193 1542 3241 faeiem

187 3273 194 3282 ·
220 3255 230 3264 ‘
263 3250 413 3327 librationum
428 3253 546 3302 lunarium
560 3258 672 3318 expositio
683 3260 782 3306 hahetur
791 3260 816 3306 in
828 3260 886 3308 Ele·
917 3276 946 3308 ex
960 3260 1073 3323 analogiae
1088 3260 1139 3322 lege
1155 3260 1269 3322 eolligunt
1284 3259 1360 3306 multi.
1397 3259 1459 3306 ilem
1474 3257 1543 3305 aliter

263 3325 347 3362 mentre
370 3318 538 3366 Astronomicia
556 3321 640 3368 clariss.
661 3321 758 3379 Camiri,
784 3323 825 3370 ulii
850 3325 884 3370 vir
917 3340 941 3370 re
955 3325 1039 3372 hebere
1054 3333 1131 3371 cerraet
1147 3324 1231 3372 clariss.
1247 3322 1334 3370 Daniel
1349 3320 1501 3372 Beruoulliue
1517 3321 1542 3366 in

264 3378 355 3449 doctina.
368 3381 441 3428 variae
451 3383 561 3431 harumoe
576 3385 726 3432 librationum
742 3387 886 3447 apparentiae
919 3385 1543 3450 DisqulaitionihusPlryaioo-rlatrottomiciram1⁷24.

264 3453 368 3502 respectu
383 3444 483 3492 lixarum
498 3456 522 3494 et
539 3447 598 3495 Solia
614 3449 758 3506 determinet,
774 3451 886 3511 docetque
919 3454 948 3498 ab
959 3451 1086 3500 Academi
1100 3450 1176 3512 Regia
1185 3449 1339 3499 solertiarum
1349 3449 1444 3512 mentio
1454 3447 1541 3496 coude-

264 3505 720 3572 methodumquiadquodlibettempua
728 3513 807 3562 datum
817 3514 888 3574 possit
920 3516 1008 3562 eoratia.
1045 3515 1098 3562 ilas
1107 3513 1214 3564 eontulit
1223 3515 1302 3562 lector.

265 3568 356 3617 deliniri
367 3587 479 3631 apparens
489 3575 633 3623 macularum
644 3577 762 3624 lunarium
773 3578 838 3624 situa-
953 3579 983 3642 (Ι)
1005 3582 1017 3609 '
1038 3581 1141 3628 Planetoe
1159 3581 1246 3628 raihta
1261 3582 1327 3628 oorai
1342 3588 1406 3628 motat
1422 3577 1539 3626 circulari.

296 3633 333 3697 (¹²)
347 3639 360 3665 '
373 3637 483 3684 Ertiarar
494 3642 591 3688 sotumi
601 3643 696 3694 nuder,
712 3641 780 3688 tertio
790 3641 888 3689 satellite
922 3641 992 3690 Patet
1002 3645 1054 3704 (per
1065 3653 1111 3690 not.
1124 3647 1176 3691 172
1191 3643 1244 3692 Lib.
1259 3642 1318 3703 11.).
1354 3642 1379 3689 Si
1394 3642 1544 3702 planetarum

264 3696 325 3757 repe
342 3699 416 3761 mejrr
428 3709 529 3761 apparet,
546 3713 670 3766 posteaque
680 3704 788 3752 decrescit
799 3721 826 3752 ae
836 3715 888 3752 tau·
920 3707 1015 3754 materia
1023 3706 1207 3766 poneturfluida,
1216 3702 1457 3769 viiquegravitatiaad
1465 3717 1543 3750 urum

264 3760 317 3807 dem
330 3761 400 3824 juxti
412 3762 536 3823 pwiodum
546 3767 651 3814 nondum
666 3770 735 3827 probe
745 3778 824 3816 notem
835 3785 888 3817 era·
920 3779 1026 3818 eentum
1036 3769 1154 3833 dirigatur.

265 3823 352 3882 ποιοίη
372 3826 402 3900 'id
420 3836 498 3874 umen
516 3839 544 3877 ut
559 3829 686 3890 plurimum
702 3832 815 3895 confingit
829 3833 886 3879 dum
952 3831 989 3897 (ἱ)
999 3837 1068 3882 ’Per
1079 3844 1165 3882 motum
1176 3837 1243 3882 illem
1253 3836 1396 3883 circem
1422 3829 1543 3886 Qllonltm

265 3889 356 3935 eatellea
370 3902 397 3936 m
411 3891 493 3938 orbitae
507 3907 557 3940 aue
573 3895 680 3942 mienmli
698 3907 763 3954 parte
781 3905 886 3957 respectu
919 3896 1017 3957 planetae
1032 3895 1093 3944 circi
1108 3913 1175 3944 axem
1186 3913 1256 3945 suum
1266 3899 1421 3949 revolvuntur,
1438 3895 1543 3956 planeta-

267 3951 361 4025 Satumi
376 3963 486 4013 veremur,
502 3955 583 4004 mnus
598 3957 682 4005 deinde
697 3959 722 4005 ire
737 3970 888 4021 conspectum
919 3976 972 4008 rum
988 3970 1063 4020 puter
1077 3977 1093 4007 a
1107 3963 1191 4008 ceutria
1207 3961 1346 4008 circulorum
1360 3961 1385 4008 in
1396 3959 1543 4024 quibusmo-

265 4014 331 4088 redrt·
375 4017 451 4064 Causa
470 4021 521 4068 hee
539 4035 588 4068 mae
606 4021 704 4080 ridetur,
721 4021 783 4085 quod
802 4024 889 4072 scilicet
919 4033 1009 4081 ventur,
1026 4023 1131 4072 recedere
1146 4034 1268 4081 conantur,
1286 4021 1360 4086 eoque
1372 4025 1446 4085 major
1459 4030 1495 4069 eet
1509 4021 1544 4067 vla

265 4077 420 4137 hemispherii
434 4083 538 4130 satellitii
552 4100 605 4144 para
617 4101 671 4148 qure
684 4085 714 4134 ad
727 4101 770 4132 nor
780 4101 889 4134 conversa
919 4088 960 4135 illa
970 4087 1100 4151 oentrifuga
1109 4085 1157 4149 qud
1166 4087 1264 4150 majores
1273 4099 1328 4136 sunt
1337 4085 1476 4134 circulonrm
1484 4099 1544 4146 quaa

265 4142 412 4215 “emmelis
419 4146 593 4208 obrouataprae
604 4149 699 4196 luminis
706 4150 888 4198 tenuitatecerni
920 4151 1052 4201 deacrihunt
1067 4151 1201 4212 peripheria
1217 4149 1285 4216 (Cor.
1298 4157 1320 4199 8.
1339 4151 1408 4210 Propt
1423 4149 1470 4197 IV.
1486 4149 1541 4195 Lib.

265 4217 314 4249 ¹¹⁰⁰
324 4215 403 4280 mi»
414 4208 543 4281 retolvente
551 4221 630 4260 autem
639 4211 700 4260 circi
707 4229 773 4260 axem
782 4215 886 4271 satellite,
920 4215 965 4276 1.).
1001 4215 1046 4262 Sed
1057 4226 1158 4278 aquator
1168 4225 1203 4262 eat
1212 4215 1313 4262 circulus
1322 4213 1446 4266 maaimua,
1462 4209 1544 4258 circuli

266 4265 497 4341 edhemtephaenum
511 4276 642 4334 opperitum
652 4286 772 4325 museuut
781 4278 887 4335 macule,
920 4287 999 4325 autem
1014 4277 1094 4326 versele
1110 4279 1174 4338 polos
1189 4277 1301 4326 continui
1312 4277 1453 4332 decmcunt,
1470 4271 1543 4336 quare

266 4334 503 4406 tremorque-satelles
518 4337 545 4384 fit
558 4340 705 4400 oonepieuua.
739 4339 847 4405 Cirmque
863 4342 888 4388 in
920 4340 1065 4404 planetamm
1086 4353 1161 4402 parter
1184 4343 1258 4404 magis
1277 4357 1293 4388 a
1318 4352 1397 4388 couno
1421 4337 1543 4401 mquatotia

267 4393 296 4440 ‘3
306 4397 366 4440 ⁰‘b¹⁵
376 4411 412 4442 ⁸¹¹¹
419 4410 487 4457 lm
496 4414 549 4460 que
559 4403 670 4450 orientem
678 4413 772 4465 specim,
780 4407 887 4454 obseura·
920 4403 990 4467 quim
1004 4420 1019 4452 a
1034 4406 1117 4452 centris
1132 4405 1293 4466 parallelorum
1304 4403 1409 4452 recedere
1419 4410 1542 4454 conantur·

268 4466 306 4503 ⁸¹¹⁸
323 4459 414 4504 ”2⁰11ss
433 4475 523 4522 temper
540 4465 678 4524 observetur,
700 4467 726 4514 in
746 4467 819 4516 altere
835 4467 890 4516 verti
920 4466 1046 4531 ideoqueai
1057 4467 1129 4516 fluide
1139 4468 1169 4516 sit
1178 4470 1322 4530 planetarum
1332 4467 1435 4523 materia,
1445 4477 1544 4514 escensu

268 4531 333 4596 lm
343 4537 470 4596 numium,
482 4525 548 4575 uldel
558 4531 828 4588 prohabileeateandem
842 4533 888 4580 hu·
921 4547 964 4579 ruo
980 4533 1010 4580 ad
1029 4541 1168 4594 equamrem
1186 4533 1310 4580 diametros
1326 4531 1457 4592 adaugebit,
1474 4541 1545 4576 arent

264 4600 305 4646 Jua
315 4585 419 4634 satellite
429 4587 512 4636 faciem
521 4591 620 4652 placete
630 4595 739 4656 primario
749 4611 839 4660 temper
847 4597 890 4644 ob·
921 4593 976 4644 reri
986 4595 1097 4644 descensu
1108 4610 1152 4646 mo
1161 4597 1192 4644 ad
1202 4597 1267 4658 polee
1277 4595 1398 4644 Mouet.
